2798 4830
216 301 276 360 rra
653 336 692 344 -
741 300 826 382 [aaa]
874 335 914 343 -

216 491 286 550 orta
308 494 473 552 enumeret
494 493 526 552 et
548 493 683 566 emanet,
710 508 805 570 quam
830 487 989 569 quemodo
1003 485 1037 551 id
1053 484 1262 550 fabricaverit
1275 485 1356 550 Vol-

216 608 315 654 canus
348 596 500 673 tantaque
537 590 569 654 vi
602 591 804 673 instruxerit,
843 589 1014 655 describat.
1076 608 1141 671 qua
1176 609 1211 652 re
1250 588 1355 653 fusius

217 692 380 776 exposita,
414 699 448 758 ut
469 693 622 758 transitus
645 701 732 760 esset
753 695 806 759 vel
828 694 964 774 reditus,
995 692 1080 757 unde
1102 691 1269 776 profectus
1292 697 1351 772 est,

217 813 296 875 quas
320 795 455 861 feminas
479 796 559 861 illud
581 798 699 862 monile
721 797 898 863 reddiderit
919 797 1071 881 miserae,
1097 795 1213 861 leviter
1236 795 1350 877 tangit.

216 919 298 980 quae
322 919 393 964 cum
414 901 461 964 ita
485 901 564 983 sint,
590 901 623 965 in
646 919 741 965 versu
764 904 827 964 267
849 921 954 983 neque
975 900 1075 966 verba
1095 899 1169 983 ipsa
1191 917 1275 963 sana
1296 918 1353 963 ne-

216 1021 276 1082 que
298 1009 384 1067 recte
408 1004 559 1069 distincta
582 1011 671 1083 sunt3
697 1004 786 1068 nullo
809 1004 892 1068 enim
908 1003 1003 1068 mcdo
1018 1001 1063 1084 fit,
1089 1009 1125 1067 ut
1139 1001 1263 1067 Statius
1279 1008 1353 1067 ncta

215 1106 371 1170 malcrum
404 1114 629 1191 persequatur,
663 1113 695 1173 et
723 1107 850 1173 cmninc
880 1107 996 1171 stultus
1023 1112 1089 1189 est,
1122 1105 1176 1188 qui
1199 1127 1238 1168 ea
1261 1106 1353 1190 loppa

216 1211 371 1273 maloram
404 1210 483 1273 serie
518 1217 729 1295 persequatur
763 1219 848 1274 acta.
909 1211 973 1274 huc
1009 1207 1150 1292 accedit,
1187 1208 1275 1290 quod
1315 1229 1354 1274 ex

217 1312 322 1377 verbis
343 1312 389 1378 ita
410 1314 631 1398 interpunctis,
657 1335 718 1398 quc
742 1320 863 1398 spectet
879 1335 1074 1397 persequar,
1105 1331 1200 1378 nemo
1222 1311 1354 1377 intelle·

216 1415 279 1498 git:
305 1417 332 1480 si
355 1417 397 1482 ad
419 1427 492 1481 acta
514 1419 685 1501 malorum,
716 1418 913 1483 enuntiatum
941 1417 1024 1479 unde
1052 1415 1138 1478 nocis
1168 1424 1233 1478 tam
1260 1437 1353 1478 saecu

211 1519 357 1600 potentia
379 1521 467 1584 donis
489 1542 552 1586 nen
574 1521 689 1604 habet,
716 1540 842 1603 exque
864 1520 1022 1606 pendeat,
1053 1519 1080 1583 si
1103 1518 1146 1584 ad
1167 1519 1228 1584 hoc
1252 1540 1354 1585 enun-

216 1622 341 1706 tiatum,
368 1625 465 1689 verba
487 1627 544 1687 sed
562 1633 636 1688 nota
657 1626 811 1687 maloram
827 1625 986 1690 disiuncta
1009 1628 1094 1687 sunt.
1140 1622 1223 1688 haee
1238 1622 1354 1687 insana

216 1732 251 1789 ut
274 1747 355 1792 sana
377 1727 472 1807 fiant,
498 1746 630 1793 necesse
654 1734 716 1811 est,
749 1729 848 1793 verba
878 1730 971 1811 loppa
1001 1734 1047 1789 eet
1075 1725 1171 1789 series
1200 1727 1352 1788 seducta

215 1832 370 1893 maloram
392 1831 546 1914 distingui
568 1852 588 1895 a
604 1853 779 1915 persequar
800 1830 987 1896 andecavis
1011 1839 1074 1893 tum
1096 1851 1189 1893 saeua
1206 1829 1352 1911 potentia

216 1934 323 2017 doale,
350 1934 482 2016 quibus,
509 1954 590 2016 quae
613 1955 726 2001 revera
748 1941 861 2019 postea
884 1935 1040 2019 explicat,
1072 1952 1112 1997 ea
1133 1932 1167 1996 in
1189 1932 1352 2016 prooemio

216 2037 310 2119 quasi
332 2037 397 2100 iam
419 2037 480 2102 sibi
502 2045 659 2122 proponat
682 2037 814 2102 Statius.
861 2043 1030 2102 nectuntur
1052 2035 1151 2118 igitur
1173 2035 1353 2101 sententiae

216 2140 276 2205 hcc
304 2140 413 2205 mcdc:
448 2161 528 2206 cum
555 2141 657 2205 mala
686 2147 780 2205 nota
808 2141 908 2222 sint,
934 2138 1128 2223 quemodo
1152 2144 1244 2204 crta
1267 2138 1352 2202 sint

217 2263 264 2308 ex
287 2243 442 2324 monili,
470 2263 707 2327 persequar.

303 2365 392 2428 Hace
415 2365 521 2428 emnia
542 2371 629 2429 recta
652 2370 736 2428 sunt.
783 2370 903 2429 restant
925 2363 1035 2429 verba:

514 2502 594 2570 loppa
613 2508 651 2555 cst
668 2503 749 2556 serica
767 2504 814 2556 scd
829 2508 894 2556 nota
912 2503 1050 2563 malorum,

215 2643 298 2705 quae
321 2623 349 2688 si
373 2623 544 2705 diligenter
566 2622 849 2707 circumspicimus,
883 2625 982 2687 multo
1005 2621 1112 2705 aptius
1133 2619 1294 2704 particula
1315 2625 1352 2684 et

216 2726 398 2810 copulativa
420 2726 570 2809 coniungi
592 2746 689 2808 quam
709 2726 915 2792 adversativa
938 2725 1011 2790 sed
1034 2723 1161 2806 seiungi
1184 2722 1280 2788 facile
1302 2722 1351 2786 in-

216 2830 410 2911 tellegimus,
436 2850 509 2892 nam
534 2829 649 2893 seriem
670 2832 827 2894 malcrum
849 2836 977 2913 propter
998 2828 1033 2892 id
1053 2828 1176 2912 ipsum,
1206 2824 1293 2909 quod
1322 2831 1353 2889 et

217 2934 315 3015 longa
337 2939 369 2997 et
390 2939 465 2997 ncta
487 2938 545 3013 est,
571 2932 678 2996 mittit.
725 2953 806 3016 quas
829 2934 868 2998 ob
899 2950 1013 2997 causas
1035 2931 1156 2996 Statius
1183 2929 1351 3013 scripsisse

217 3035 344 3100 videtur
366 3041 398 3100 et
420 3034 621 3100 distinxisse:

407 3173 487 3242 lorsqu
506 3177 545 3225 cet
561 3173 641 3226 series
661 3178 765 3226 etanta
783 3175 939 3231 caularum,-

403 3276 568 3328 pcrsequar,
594 3259 664 3312 unde
682 3259 759 3312 nocis
777 3263 833 3311 tara
850 3277 929 3311 saeva
944 3259 1068 3329 potentia
1087 3257 1163 3310 donis

218 3378 304 3461 quud
326 3379 522 3463 propositum
545 3399 657 3444 revera
679 3379 797 3445 deinde
820 3380 947 3464 peragit
968 3386 1072 3464 poeta.

305 3621 425 3684 Versus
443 3627 483 3696 11,
503 3626 562 3680 343
586 3618 717 3685 tradunt
739 3621 865 3685 cedices
888 3621 999 3706 optimi
1021 3621 1081 3686 sic:

444 3761 490 3808 tua
507 3775 548 3808 me
564 3759 715 3826 properabo
728 3759 821 3828 fateri
838 3760 913 3826 acepit
930 3765 1021 3812 arrecta
1039 3760 1122 3824 salue,

218 3900 301 3964 quae
325 3880 423 3944 verba
439 3878 636 3943 Schraderus
659 3899 722 3943 unc
738 3879 846 3944 codice
866 3881 902 3962 (c)
923 3880 1053 3946 adiutus
1068 3886 1153 3946 recte
1169 3879 1306 3945 correxit
1320 3878 1352 3944 in

637 4000 722 4067 capit,
742 4005 836 4061 amate,
857 4001 933 4052 salus

220 4103 278 4170 sed
300 4103 414 4168 eadem
438 4101 576 4186 corrupit
598 4103 780 4185 Bentleius,
808 4122 902 4185 quem
924 4103 1060 4168 Mueller
1082 4109 1210 4168 secutus
1233 4110 1296 4186 est,
1321 4101 1353 4164 in

625 4226 721 4295 tanqu,
741 4229 839 4286 aurate,
859 4225 904 4276 sal
936 4265 941 4276 .
