2798 4830
565 348 609 359 -
656 312 741 392 [ιιι]
788 347 831 358 -
1227 313 1269 375 se

129 502 206 565 lant;
235 516 300 554 mox
325 498 521 555 deficientibus
545 499 597 554 alis
614 515 674 554 am·
727 498 947 555 stridoribus
969 501 1041 564 iras;
1068 500 1190 554 volvitur
1207 506 1268 556 ater

128 586 231 655 plexae
249 585 405 656 flavamque
424 589 534 641 domum
550 585 675 656 eaptiva-
726 587 795 641 odor
819 586 919 651 tectis,
946 592 1005 642 tum
1029 603 1167 642 murmure
1184 603 1269 642 oaeeo

132 688 186 742 que
211 673 347 743 plangunt
370 673 452 728 mella
476 674 675 742 laboratasque
727 672 802 727 intus
820 688 888 727 saxa
900 677 1008 740 sonant,
1025 690 1130 730 vacuas
1142 675 1166 730 it
1177 673 1268 731 fumus

130 765 261 830 premunt
278 760 314 815 ad
331 764 445 828 pectora
462 776 541 816 oetas
559 757 595 823 X,
614 761 673 814 574.
727 759 765 814 ad
783 773 865 815 auras
883 758 949 826 XII,
970 761 1028 814 587.

219 1002 402 1069 Nonnullae
423 1001 674 1087 eomparationes
697 1001 830 1068 effeotae
852 1020 924 1068 esse
946 1001 1094 1068 videntur
1109 1023 1149 1068 en
1163 1003 1268 1088 pluri-

132 1107 193 1173 bus
216 1104 315 1171 loeis:

168 1231 200 1282 ut
229 1226 343 1295 rapidus
374 1231 532 1292 torrens,
569 1228 676 1282 animos
762 1242 828 1282 eooe
846 1227 923 1281 velut
941 1232 1081 1282 torrens
1107 1228 1188 1282 undis
1207 1229 1270 1298 plu·

132 1314 178 1370 eui
208 1329 294 1370 verna
323 1313 481 1368 ministrant
509 1311 621 1368 flamina
647 1317 677 1368 et
728 1313 849 1369 vialibus
874 1317 987 1378 anetus,
1019 1317 1068 1367 aut
1091 1313 1172 1379 nive,
1199 1330 1271 1385 quae

133 1401 212 1456 exuti
230 1403 360 1454 concreto
378 1397 481 1469 frigore
500 1392 594 1462 eolles,
614 1416 675 1454 oum
728 1400 852 1471 zephyro
874 1400 950 1454 vieta
976 1403 1088 1469 tepente
1115 1398 1189 1463 fluit,
1222 1416 1271 1469 per

134 1503 225 1556 vagus
243 1485 271 1540 iu
296 1501 435 1554 campos
459 1485 564 1542 trustra
581 1486 675 1555 prohi—
728 1492 790 1541 sata
806 1501 911 1556 perque
933 1485 995 1540 vias
1019 1485 1118 1548 fertur,
1148 1502 1212 1549 neo,
1238 1490 1270 1540 ut

133 1572 267 1629 bentibus
286 1574 361 1628 exit
379 1573 518 1640 obicibus,
544 1578 677 1628 resonant
727 1578 793 1629 ante
834 1572 955 1637 solebat,
999 1573 1119 1640 riparum
1160 1573 1270 1627 clausas

133 1659 272 1730 permixto
298 1658 409 1714 turbine
439 1665 551 1726 tecta,
578 1676 675 1724 arva,
729 1658 852 1727 margine
871 1657 932 1712 finit
948 1672 1036 1727 aquas
1053 1656 1124 1722 f.11,
1144 1660 1204 1710 219.

135 1753 307 1812 armenta,
328 1744 398 1802 viri
417 1747 469 1812 ΙΙΙ,
490 1748 549 1801 sit.
763 1750 814 1800 aut
835 1745 949 1814 rapidus
972 1749 1136 1799 montano
1160 1742 1271 1800 flumine

169 1832 291 1901 qualiter
328 1832 436 1888 hiberni
474 1832 588 1888 summis
623 1833 679 1886 duo
730 1831 985 1887 torrenssteruit
996 1846 1089 1900 agros,
1100 1830 1201 1886 sternit
1209 1833 1271 1884 sata

135 1917 314 1974 montibus
355 1935 468 1974 amnes
503 1917 677 1987 franguntur,
730 1918 805 1974 laeta
822 1918 980 1987 bovemque
997 1917 1108 1973 labores
1128 1916 1270 1986 praeeipi-
1340 1958 1343 1963 .

136 2006 300 2076 geminaque
323 2006 427 2061 eadunt
452 2004 481 2059 in
498 2006 581 2075 plana
598 2005 679 2059 ruina
732 2010 829 2076 tesque
848 2004 934 2061 trahit
952 2005 1039 2059 silvas
1053 2004 1096 2068 ΙΙ,
1118 2006 1177 2058 306.
1214 2004 1270 2057 riou

137 2092 294 2158 vl11,461.
730 2093 785 2157 sie,
821 2091 971 2160 aggeribus
1000 2091 1090 2161 ruptis
1120 2105 1181 2145 eum
1205 2105 1270 2158 spu-

730 2193 808 2232 meus
834 2178 946 2232 amnis
984 2178 1043 2233 exit
1072 2176 1271 2245 oppositasque

729 2264 824 2334 evicit,
841 2265 951 2333 gurgite
985 2264 1087 2328 moles,
1125 2261 1214 2318 fertur
1243 2261 1271 2316 in

728 2365 815 2404 arva
831 2347 927 2405 furens
945 2349 1055 2404 cumulo
1080 2364 1272 2418 camposque

729 2452 779 2505 per
796 2436 886 2490 omnis
903 2452 965 2491 eum
979 2435 1097 2492 stabulis
1114 2440 1271 2491 armenta

729 2521 816 2577 trahit
833 2521 876 2587 ΙΙ,
896 2524 955 2576 496.
1001 2523 1160 2592 exspatiata
1187 2525 1270 2575 ruunt

729 2625 779 2679 per
813 2614 925 2678 apertos
965 2607 1077 2662 flumina
1112 2622 1266 2675 campos,

727 2711 844 2764 eumque
863 2695 933 2750 satis
950 2694 1066 2749 arbusta
1084 2692 1164 2747 simul
1183 2708 1270 2761 pecu-

729 2783 836 2852 desque
858 2782 1026 2851 virosque
1050 2784 1219 2848 teotaque
1239 2819 1269 2833 ..

728 2868 840 2936 rapiunt
857 2869 934 2930 ml,
956 2868 1006 2919 286
1026 2865 1105 2932 (haee
1129 2880 1184 2919 non
1210 2863 1271 2920 effi-

729 2954 807 3008 oinnt
818 2953 1073 3023 comparationem).

175 3045 265 3101 rabidi
302 3044 343 3098 sio
375 3042 484 3112 agmine
514 3042 600 3096 mixto
630 3041 682 3098 sub

139 3135 249 3186 noetem
268 3131 359 3185 coiere
383 3129 471 3199 lupi,
499 3144 569 3197 qnos
593 3129 681 3182 omni-

139 3218 192 3271 bus
227 3217 302 3285 agris
337 3216 376 3270 nil
412 3231 467 3270 non
501 3231 570 3270 ausa
594 3213 682 3270 fames

141 3304 246 3371 longo
270 3303 398 3357 tenuavit
420 3301 508 3357 hiatu.
545 3300 599 3354 iam
622 3298 681 3355 sta'-

140 3389 207 3443 bula
231 3389 293 3456 ipsa
314 3392 455 3457 premunt:
485 3391 599 3456 torquet
616 3402 681 3455 spes

140 3474 219 3529 irrita
237 3471 372 3538 fauoes,
397 3473 609 3543 balatusque
628 3478 682 3526 tre-

141 3575 232 3623 mens,
264 3560 436 3629 pinguesque
463 3560 499 3614 ab
523 3559 680 3615 ovilibus

140 3662 224 3700 aurae
243 3648 278 3712 X,
300 3647 353 3698 42..

768 3042 833 3095 inde
858 3039 916 3110 lupi
943 3056 995 3094 eeu
1019 3042 1146 3106 raptores
1165 3041 1227 3092 atra
1245 3037 1273 3090 in

733 3126 842 3192 nebula,
862 3142 932 3196 quos
951 3125 1067 3195 inproba
1084 3124 1192 3180 ventris
1210 3140 1275 3179 exe-

732 3214 774 3283 git
790 3229 888 3268 osseos
906 3213 1007 3277 rabies,
1028 3211 1170 3280 catulique
1184 3210 1274 3265 relieti

732 3299 861 3356 saucibus
880 3303 1031 3366 expectant
1049 3296 1132 3352 siccis
1150 3296 1191 3361 H,
1213 3298 1271 3349 355.

767 3403 800 3440 ao
824 3385 910 3441 veluti
932 3385 1016 3452 pleno
1040 3384 1139 3452 lupus
1157 3381 1275 3436 insidia·

733 3477 778 3526 tus
796 3471 887 3528 ovili
905 3487 987 3541 quom
1006 3467 1099 3524 fremit
1116 3469 1153 3522 ad
1166 3468 1271 3533 caulas,

732 3565 833 3614 ventos
851 3572 1001 3626 perpessus
1020 3562 1048 3611 et
1066 3555 1171 3616 imbris,
1191 3560 1274 3608 noete

733 3660 816 3713 super
845 3644 936 3697 media
967 3644 1031 3707 (tuti
1062 3642 1114 3696 sub
1139 3640 1274 3695 matribus
1308 3664 1309 3669 ι

732 3732 798 3800 agni
810 3729 970 3786 balatum
983 3734 1122 3788 exercent,
1135 3728 1182 3781 illo
1192 3743 1275 3796 asper

732 3824 761 3873 et
778 3816 920 3885 improbus
939 3815 980 3868 ira
993 3815 1083 3868 saevit
1096 3815 1124 3866 in
1137 3815 1271 3877 absentis,

731 3905 851 3959 oolleota
869 3900 970 3969 fatigat
994 3900 1094 3954 edendi
1113 3917 1146 3953 ox
1172 3902 1274 3966 longo
1313 3941 1318 3951 ,

732 3991 824 4046 rabies
838 3993 866 4043 et
879 3989 968 4043 siccae
987 3988 1119 4054 sauguine
1140 3985 1272 4047 sarrees)

737 4077 787 4139 IX,
810 4076 849 4127 58.

640 4240 765 4249 νυν-...μι-

321 4256 776 4361 Ν
