2798 4830
562 308 605 319 -
652 272 735 355 [ιιι]
784 309 827 319 -
1220 273 1260 334 aa

131 546 332 611 Luctatus
354 547 421 630 qui
444 547 632 630 sequitur
652 548 693 611 in
721 548 932 614 Thebaide
967 550 1032 632 (VI,
1060 551 1256 633 825—910}

130 647 308 714 omissus
340 654 402 716 est
428 649 469 715 in
497 649 694 729 Aeneide;
731 650 897 718 videtur
924 650 1139 717 adhibitus
1169 669 1261 717 esse

562 754 650 821 Met.
676 754 745 820 lib.
770 756 828 822 IX.

164 914 184 975 †
204 908 383 975 iamdudum
404 910 499 964 variae
517 908 615 965 laudes
642 913 671 965 et

130 996 281 1051 conscia
304 995 423 1051 virtus
441 994 541 1067 Tydea
558 1011 671 1065 magna-

129 1082 233 1136 nimum
252 1081 372 1137 stimulis
389 1086 500 1151 angunt¹
508 1081 558 1148 v1,
573 1083 633 1136 826.

164 1169 184 1234 †
196 1167 269 1237 petit
284 1183 388 1238 aequor
400 1173 517 1240 uterque
534 1184 670 1238 procursu

129 1255 250 1309 medium
276 1258 361 1326 atque
389 1254 521 1310 hausta
537 1254 670 1312 'vestitur

129 1339 274 1396 harena.
302 1345 361 1396 tum
384 1341 512 1397 madidos
536 1345 613 1397 artus
631 1341 671 1397 al-

97 1446 100 1449 ·
130 1433 212 1485 terno
229 1428 378 1495 pulvere
394 1428 504 1484 siccant
520 1428 568 1493 VI,
591 1429 650 1484 848.

161 1515 320 1588 icollaque
344 1515 501 1571 demersere
522 1515 624 1570 umeris
642 1517 671 1569 et

128 1599 302 1656 bracchia
325 1601 382 1658 late
403 1616 487 1657 vara
504 1606 601 1659 tenent
617 1601 668 1667 VI,

128 1688 189 1741 850.

163 1770 369 1844 †irontemque
392 1788 556 1845 umerosque
582 1774 669 1829 latus-

128 1873 183 1930 que
201 1859 328 1930 collaque
345 1863 515 1931 pectoraque
527 1864 557 1914 et
573 1859 668 1917 vitan-

129 1947 170 2002 tia
188 1961 289 2002 crura
306 1946 458 2002 lacessit
474 1946 525 2009 VI,
545 1949 605 1999 860.

620 2174 768 2186 t———n-01

164 2298 233 2351 tum
258 2307 374 2360 genero,
405 2308 442 2347 ne
465 2293 556 2348 laudis
573 2309 668 2363 egens,

127 2377 207 2433 iubet
222 2378 311 2433 ardua
328 2379 404 2433 necti
423 2384 583 2449 tempora
594 2380 669 2435 The-

127 2465 281 2536 barumque
307 2464 448 2534 ingenti
474 2481 561 2524 voce
588 2467 669 2522 citari

128 2551 304 2607 victorem
321 2551 371 2617 VI,
392 2553 453 2607 921.

807 914 865 972 tum
888 912 977 980 pudor
998 911 1123 968 incendit
1140 913 1214 970 vires
1233 919 1262 968 et

774 998 924 1069 conscia
941 999 1063 1054 virtus
1081 999 1117 1063 V,
1138 1001 1197 1052 455.

807 1170 855 1225 ille
867 1171 944 1226 cavis
960 1171 1086 1227 hausto
1099 1172 1206 1241 spargit
1217 1189 1260 1227 me

772 1257 922 1327 pulvere
939 1258 1049 1326 palmis,
1068 1257 1153 1329 inque
1172 1258 1261 1313 vicem

772 1340 869 1398 fulvae
892 1347 971 1398 tactu
998 1343 1125 1401 flavescit
1155 1344 1260 1401 hare-

773 1445 837 1487 nae
855 1445 893 1483 m.
911 1429 963 1495 IX,
981 1431 1023 1484 35.

792 1515 1040 1588 ,bracchiaque
1065 1518 1195 1588 opposui,
1220 1523 1261 1574 te-

772 1601 876 1674 nuique
887 1617 903 1655 a
914 1608 1029 1673 pectore
1041 1619 1148 1661 varas
1160 1605 1189 1659 in
1202 1609 1261 1661 sta-

774 1688 850 1743 tione
869 1680 965 1741 manus
982 1703 1017 1741 m.
1038 1689 1090 1753 IX,
1110 1691 1152 1741 33.

814 1779 843 1828 et
877 1774 959 1828 modo
1001 1774 1136 1829 cervicem
1177 1775 1260 1831 modo
1359 1829 1361 1833 ,
1393 1762 1397 1773 ’

772 1874 873 1916 crura
884 1859 1016 1916 micantia
1028 1864 1122 1930 captat
1133 1866 1182 1917 aut
1194 1879 1259 1932 cap-

772 1950 831 2001 tare
843 1951 934 2016 putes,
950 1946 1106 2017 omniquea
1118 1953 1197 2019 parte
1210 1949 1261 2003 la-

774 2033 889 2088 cessit
906 2049 942 2088 m.
962 2032 1012 2099 IX,
1034 2034 1076 2089 3¹1.

807 2297 876 2352 tum
899 2294 977 2347 satus
1000 2289 1125 2347 Anchisa
1151 2294 1261 2348 cunctis

773 2394 808 2433 ex
837 2392 912 2432 more
941 2376 1051 2433 vocatis
1080 2365 1259 2433 victorem

772 2478 895 2530 magna
917 2464 1063 2531 praeconis
1086 2478 1174 2519 voce
1197 2463 1261 2520 Glo-

772 2548 886 2602 anthum
909 2548 1035 2603 declarat
1055 2548 1194 2620 viridique
1212 2551 1260 2605 ad·

771 2635 849 2690 velat
867 2640 1026 2704 tempora
1046 2636 1126 2690 lauro
1143 2635 1178 2700 V,
1199 2637 1257 2688 244.

620 2796 768 2807 -ι--υ--ν

215 2913 329 2980 Finem
348 2913 568 2995 certaminum,
594 2912 621 2978 si
643 2932 759 2998 pueros
776 2912 963 2998 excipimus,
988 2912 1024 2977 in
1037 2910 1182 2978 Aeneide
1208 2915 1256 2997 (V,

130 3019 309 3100 485-545)
326 3016 448 3083 faciunt
463 3016 518 3101 qui
530 3016 706 3100 sagittandi
720 3016 814 3102 periti
828 3022 914 3081 sunt.
938 3015 996 3082 hos
1011 3017 1140 3100 quidem
1156 3017 1262 3085 omisit

129 3121 263 3199 Statius,
291 3119 349 3186 sed
370 3139 391 3185 a
412 3138 448 3185 se
470 3120 641 3204 impetrare
662 3120 752 3184 nullo
780 3119 875 3185 modo
896 3119 1014 3203 potuit,
1046 3125 1082 3184 ut
1102 3119 1261 3187 omitteret

130 3223 370 3290 miraculum
388 3221 479 3306 illud,
505 3221 590 3306 quod
605 3222 637 3287 in
654 3222 835 3306 sagittando
849 3223 987 3288 Acestae
1003 3221 1160 3289 accidisse
1176 3223 1257 3290 Aen.

130 3329 168 3412 V,
194 3330 342 3392 oto-30
366 3326 527 3410 Vergilius
556 3332 674 3391 namat.
714 3332 872 3410 postremo
901 3324 984 3390 enim
1014 3325 1137 3409 Argivi,
1172 3333 1262 3411 post-

131 3452 228 3515 quam
255 3449 365 3497 omnes
394 3436 612 3513 certaverunt,
643 3429 842 3515 Polynicem,
875 3451 913 3492 aa
935 3427 1065 3493 uictoria
1095 3429 1175 3493 desit
1196 3452 1261 3495 aaa

131 3536 244 3599 dacum
264 3549 401 3617 numero,
428 3541 463 3600 ut
478 3533 570 3617 quasi
592 3533 690 3609 solus,
716 3553 851 3614 quocum
873 3551 966 3597 nemo
993 3537 1115 3597 certare
1137 3540 1256 3617 posset,

130 3658 287 3726 summam
307 3636 470 3704 iaculandi
492 3636 544 3702 vel
571 3635 745 3719 sagittandi
767 3642 867 3700 artem
889 3641 1076 3718 praestaret,
1102 3635 1260 3702 adhortati

132 3747 217 3808 sunt.
254 3740 305 3807 oui
335 3741 521 3823 obsequenti
551 3739 654 3805 simile
684 3737 760 3820 quid
783 3738 868 3819 quod
883 3738 1020 3803 Acestae
1042 3738 1161 3803 evenit:
1185 3761 1259 3805 nam
1331 3820 1333 3827 Ι

131 3844 265 3929 sagitta,
306 3864 401 3927 quam
429 3843 464 3909 in
491 3844 638 3909 arborem
664 3840 840 3922 direxerat,
870 3842 974 3906 arbori
998 3862 1061 3906 non
1090 3843 1189 3908 infixa
1218 3844 1260 3908 ad

130 3947 311 4032 pharetram
333 3946 429 4015 rediit
455 3948 565 4031 (Theb.
591 3947 646 4029 VI,
673 3944 844 4028 935-41.)

164 4100 276 4171 penitus
301 4101 371 4155 latet
397 4103 516 4156 exitus
543 4103 670 4172 ingens
756 4099 853 4155 docuit
882 4105 946 4169 post
980 4100 1101 4157 exitus
1136 4102 1144 4156 i
1222 4118 1260 4156 ns

113 4191 260 4292 xviam.
512 4228 515 4234 .
561 4250 563 4254 ,
722 4189 758 4254 v,
778 4189 836 4242 523.
1059 4114 1269 4520 Δ
