2798 4830
564 343 608 353 -
656 307 741 390 [roo]
788 343 832 352 -
929 334 932 340 -

604 601 693 697 Cap.
721 602 792 673 III.

132 749 183 815 De
205 750 435 817 substantivis
450 751 646 819 coniunctis
662 770 740 819 oum
756 752 986 820 substantivis
1001 752 1057 820 vel
1072 753 1267 822 allectivis.

217 891 318 956 Multo
339 890 472 975 gravius
494 891 684 958 imitationis
706 900 929 976 argumentum
951 914 1048 977 quam
1062 914 1146 977 quae
1162 894 1269 961 adhuc

131 998 268 1059 tractata
290 1000 374 1075 sunt,
400 996 556 1079 praebent
570 1016 610 1062 ea
624 1017 708 1080 quae
723 1017 808 1062 nuno
824 1004 1033 1082 exponentur.
1079 1018 1152 1062 oum
1168 998 1263 1078 enim,

132 1104 168 1162 ut
191 1098 319 1182 saepius
343 1098 421 1180 dixi,
444 1099 730 1182 ‘quomodocunque
748 1100 969 1182 quaestionem
991 1100 1178 1183 institueris,
1204 1122 1267 1166 non

131 1202 210 1267 satis
233 1208 318 1269 oerto
341 1208 473 1286 constet,
499 1209 656 1287 quatenus
680 1202 814 1270 doceant
835 1203 1045 1269 imitationem
1060 1204 1221 1271 adiectiva
1237 1212 1270 1272 et

132 1306 333 1372 substantiva
355 1308 434 1389 sola,
461 1328 533 1373 oum
553 1308 682 1391 singula
696 1308 853 1373 vocabula
875 1308 918 1374 ad
940 1308 1132 1374 sententiam
1154 1330 1267 1394 parum

130 1412 277 1493 valeant,
311 1431 352 1476 ex
374 1412 590 1496 phrasibus
619 1432 700 1496 quas
724 1411 878 1494 dicimus,
910 1411 996 1494 quod
1018 1412 1046 1477 si
1068 1411 1124 1495 qui
1148 1412 1188 1478 dc
1211 1434 1267 1480 ea·
1374 1426 1376 1430 “

131 1513 204 1581 dem
226 1535 261 1580 re
282 1514 368 1581 idem
391 1515 533 1598 cogitant
554 1516 704 1600 idemque
720 1515 832 1581 eodem
856 1515 950 1579 modo
974 1515 1158 1598 exprimunt
1179 1518 1268 1583 casui

130 1617 261 1684 minime
293 1618 390 1683 tribui
423 1625 547 1705 potest,
583 1618 661 1701 quid
690 1618 731 1684 de
762 1619 938 1684 imitatione
973 1620 1178 1685 statuendum
1211 1621 1264 1697 sit,

130 1722 229 1786 multo
251 1721 379 1806 planius
403 1742 559 1807 apparere
582 1720 661 1786 mihi
682 1721 819 1787 videtur.
867 1729 962 1806 atque
981 1729 1017 1788 ut
1031 1743 1157 1789 omnem
1173 1723 1268 1789 dubi-

129 1825 282 1891 tationem
319 1845 516 1906 removeam,
559 1846 623 1891 non
656 1846 766 1892 omnes
805 1826 841 1890 in
878 1826 993 1910 quibus
1023 1834 1201 1910 congruunt
1233 1828 1267 1892 hi

129 1938 261 2014 poetae,
286 1949 369 2011 quac
385 1929 571 1995 innumerae
594 1937 676 2011 sunt,
704 1928 838 2016 phrases
859 1931 969 2010 affero,
996 1930 1054 1997 sed
1073 1931 1182 1996 nullas
1204 1930 1266 1995 nisi

130 2053 213 2117 quae
235 2033 276 2099 ab
299 2033 340 2097 iis
363 2032 441 2098 solis
463 2033 517 2098 vel
539 2033 651 2116 primis
673 2033 838 2100 adhibitae
858 2040 941 2116 sunt,
969 2033 1119 2116 quoniam
1142 2054 1200 2100 eae
1224 2033 1266 2098 ad

131 2157 199 2203 rem
222 2136 421 2222 probandam
444 2136 614 2220 plurimum
637 2135 814 2218 conferunt,
841 2137 969 2220 collegi.

216 2266 233 2350 ᾗ
259 2269 286 2328 1.
333 2264 474 2330 Primum
497 2263 597 2348 digni,
624 2264 679 2348 qui
702 2273 1003 2345 commemorentur,
1029 2264 1175 2329 nonnulli
1204 2263 1267 2329 loci

130 2376 228 2459 sunt,
245 2368 298 2434 ubi
320 2367 435 2432 mirum
457 2366 492 2431 in
506 2366 636 2432 modum
651 2367 766 2433 eadem
782 2368 982 2434 substantiva
996 2373 1071 2433 sunt
1084 2368 1263 2433 coniuncta.

198 2473 228 2526 ln
244 2472 379 2540 gremio
396 2487 498 2526 vernae
517 2470 666 2525 telluris
684 2469 734 2534 IV,
756 2473 820 2523 786:
847 2477 960 2540 optatae
977 2471 1084 2539 gremio
1102 2471 1212 2524 telluris
1236 2488 1263 2526 a.

128 2559 182 2623 Ill,
204 2561 263 2612 599.
289 2557 294 2628 l
319 2562 418 2612 toros
436 2558 589 2625 riparum
606 2558 657 2621 IV,
679 2559 742 2608 819:
768 2558 945 2627 riparumque
962 2562 1040 2611 toros
1058 2573 1084 2610 a.
1105 2557 1155 2618 VI,
1177 2560 1237 2610 674.
1259 2560 1262 2620 l

129 2647 230 2701 voela
248 2659 420 2699 murmura
438 2644 542 2713 primae
555 2642 606 2707 VI,
624 2645 685 2694 165:
705 2659 809 2711 parvae
827 2659 966 2697 murmura
978 2643 1057 2696 vocis
1075 2642 1263 2712 1111111491

130 2730 371 2794 votireusVl,
393 2730 536 2782 198=a
557 2730 591 2794 V,
613 2731 671 2781 237.
705 2729 709 2795 Ι
740 2729 881 2783 horrore
906 2744 1077 2784 comarum
1097 2728 1175 2784 VIII.
1197 2730 1262 2783 389:

128 2823 308 2888 arrectaeque
327 2816 441 2870 horrore
459 2831 554 2871 comae
572 2833 597 2870 a.
618 2815 669 2881 IV,
690 2818 750 2868 290.
770 2832 795 2870 a.
815 2815 881 2879 XII,
901 2818 960 2869 868.
978 2804 1155 2883 lvulneris
1173 2817 1264 2870 unda

105 2915 107 2920 ’
131 2908 240 2968 (versus
258 2903 393 2968 clausula)
414 2901 494 2968 VIII,
516 2904 564 2953 149
584 2925 615 2946 =
635 2918 660 2955 a.
681 2902 732 2964 IX,
754 2904 811 2954 ubo.
842 2904 846 2969 l
876 2902 944 2956 teli
962 2905 1085 2956 auctor
1103 2900 1181 2964 VIII,
1203 2903 1262 2955 718.

130 2990 181 3054 IX,
202 2993 264 3044 876:
292 2991 341 3044 tali
360 3005 411 3045 aec
429 2989 550 3045 volneris
568 2993 665 3043 auctor
683 3004 708 3042 a.
729 2987 778 3050 IX,
800 2990 858 3039 148.
885 2993 889 3053 Ι
914 2988 976 3042 leti
1000 2988 1143 3042 nuntius
1166 2987 1264 3041 horror

128 3078 181 3140 IX,
201 3080 265 3130 862:
292 3060 372 3131 fama
384 3077 482 3131 nuntia
500 3074 550 3128 leti
567 3090 603 3126 m.
624 3073 702 3135 XIV,
718 3076 775 3128 726.
803 3074 806 3142 l
830 3079 969 3139 †tumor
986 3075 1110 3143 iraque
1128 3073 1213 3128 cessit
1225 3074 1260 3137 V,

128 3167 195 3217 425:
214 3169 308 3218 tumor
325 3164 414 3217 omnis
433 3167 462 3217 et
473 3163 532 3216 irae
545 3176 710 3216 concessere
728 3175 754 3212 a.
770 3160 847 3223 VIII,
864 3161 935 3225 492)
953 3161 1104 3229 {ambiguo
1121 3161 1151 3213 in
1163 3165 1263 3215 aestu

128 3265 287 3304 curarum
307 3248 371 3313 XII,
387 3250 449 3300 686:
470 3262 571 3315 magno
589 3263 717 3301 curarum
735 3250 815 3300 aestu
833 3263 859 3300 a.
873 3245 952 3310 VIII,
971 3249 1011 3298 19.
1029 3245 1033 3316 Ι
1050 3245 1263 3300 commercia

128 3337 242 3404 iungere
261 3337 405 3404 linguae
423 3334 461 3397 ΙΙ,
482 3335 531 3384 512
551 3357 582 3378 =
603 3339 636 3388 tr.
657 3333 692 3393 V,
709 3336 732 3396 i,
748 3335 789 3382 61.
810 3331 844 3394 V,
862 3335 902 3394 10,
918 3334 960 3383 35.
980 3330 1031 3395 ΙΙΙ,
1054 3333 1095 3395 11,
1110 3334 1134 3383 9.
1155 3331 1260 3384 Lucan.

127 3421 206 3485 VIII,
228 3421 310 3485 348.³)

103 3533 105 3537 ’
214 3534 286 3617 §2
334 3533 540 3597 Tractaturus
572 3531 772 3597 substandva
798 3549 869 3594 oum
897 3528 1066 3594 adiectivis
1096 3528 1263 3594 coniuncta

128 3659 168 3704 ex
190 3637 363 3723 phrasibus
386 3656 442 3703 aas
465 3636 601 3720 primum
632 3634 774 3721 profero,
800 3633 833 3696 in
856 3633 988 3715 quibua,
1015 3632 1172 3715 quomodo
1196 3632 1263 3696 sin-

128 3742 214 3825 gulis
232 3741 310 3806 locis
334 3739 398 3805 sint
419 3739 639 3822 intellegenda
661 3736 878 3816 substantiva,
906 3757 946 3800 ex
968 3736 1136 3801 adiectivis
1159 3756 1260 3820 appo-

128 3844 198 3910 sitis
222 3844 337 3910 elucet.

195 4031 215 4094 2)
236 4045 332 4084 omnes
356 4030 447 4091 locos,
472 4029 573 4098 quibua
597 4030 704 4095 signum
724 4028 814 4081 crucia
833 4032 851 4090 l·
870 4028 1038 4096 adscriptum
1059 4036 1116 4091 ost,
1143 4029 1177 4079 acl
1198 4027 1259 4079 irni-

127 4100 259 4155 tationem
282 4098 525 4153 demonstrandam
552 4099 605 4151 iam
624 4098 656 4149 1).
677 4097 825 4150 Muellerus
850 4098 968 4151 contulit
988 4100 1014 4150 in
1040 4099 1162 4150 editione
1188 4096 1260 4147 'lho-

127 4169 234 4224 baidos.

1021 4321 1053 4369 ²*
1263 4324 1390 4552 Δ

196 4238 215 4304 ³)
237 4235 273 4292 cf.
295 4236 396 4291 Luchr.
417 4235 435 4288 l.
457 4236 474 4288 l.
495 4251 557 4305 pag.
579 4238 620 4287 50.
