2798 4830
204 329 246 390 10
644 346 681 370 ·-
731 325 817 407 poc]
864 361 907 370 -

205 515 380 601 Vergilium
396 514 610 597 Ovidiumque
634 520 666 578 et
681 513 818 579 Statium
841 519 1029 597 congruunt,
1049 513 1193 598 exceptis
1217 513 1245 577 si
1260 534 1341 596 quae

205 622 238 686 irr
260 640 319 685 usu
342 618 482 685 01001010
505 625 671 703 poetarum
694 618 746 684 vel
769 619 982 683 Romanorum
1005 616 1144 697 luerunt,
1173 637 1238 681 non
1260 618 1343 698 quod

206 724 336 790 eosdem
359 721 463 788 fontes
486 719 705 804 adhibuerint,
737 721 796 786 sed
825 720 902 803 quia
922 719 975 786 hic
997 719 1071 784 illos
1093 719 1183 803 ipsos
1204 718 1344 785 imitatus

207 827 258 908 sit,
292 845 466 909 congruere
488 824 657 890 contendo.
687 830 784 906 atque
805 823 897 906 adeo,
924 822 953 888 01
981 842 1064 906 quae
1085 822 1237 906 leguntur
1259 822 1344 906 apud

208 929 355 1012 Statium,
392 948 476 1011 quae
497 927 563 994 iam
586 932 683 992 antea
705 927 866 992 nonnullis
888 926 968 992 loeis
989 925 1203 1011 reperiuntur,
1238 932 1343 992 tamen

206 1036 247 1099 ab
269 1033 343 1099 aliis
366 1040 462 1117 atque
484 1032 526 1097 ab
556 1030 606 1095 his
629 1051 701 1096 eum
730 1036 909 1096 mutuatum
931 1049 1004 1096 esse
1026 1051 1118 1110 nego.
1155 1050 1197 1095 ne
1219 1050 1260 1095 ea
1274 1030 1343 1111 qui-

207 1139 290 1219 dem,
318 1157 400 1220 quae
423 1156 495 1202 eum
517 1135 552 1201 in
573 1135 714 1201 omnium
743 1141 909 1218 poetarum
936 1133 1139 1215 carminibus,
1169 1133 1344 1216 inquibus

208 1242 276 1307 fieri
297 1247 415 1326 potest,
452 1244 618 1306 occurrant
640 1245 672 1304 et
694 1237 841 1304 omnibus
863 1237 1015 1303 Romanis
1038 1243 1113 1303 nota
1135 1237 1238 1304 fuisse
1261 1237 1344 1303 reri-

208 1344 312 1411 simile
335 1343 386 1425 sit,
425 1343 467 1409 ad
488 1342 699 1409 imitationem
721 1340 898 1407 docendam
920 1342 974 1406 vix
996 1346 1074 1425 apta
1096 1347 1183 1423 sunt,
1216 1359 1345 1425 prorsus

207 1445 412 1531 neglegenda
434 1465 506 1512 esse
527 1444 655 1531 putavi:
683 1450 758 1510 sunt
781 1443 877 1522 enim,
902 1442 944 1509 de
974 1442 1091 1526 quibus
1114 1449 1236 1509 certum
1262 1442 1345 1508 iudi-

209 1550 293 1616 cium
315 1549 384 1616 fieri
405 1569 470 1615 non
491 1549 605 1634 possit.

292 1671 406 1754 Itaque
426 1670 461 1734 in
483 1669 620 1753 singulis
641 1671 737 1735 rebus
759 1669 992 1754 pertractandis
1007 1669 1143 1754 primum
1159 1691 1198 1736 ea
1213 1691 1345 1737 enume-

207 1776 294 1859 rabo,
321 1796 404 1858 quae
426 1773 635 1840 imitationem
659 1780 744 1839 00110
767 1773 924 1858 aperiunt,
962 1773 1079 1840 deinde
1101 1795 1150 1856 ea,
1177 1796 1262 1857 quae
1284 1775 1345 1840 ali-

207 1878 285 1963 quid
308 1878 398 1945 dubii
420 1878 550 1943 habent.
583 1898 687 1961 neque
710 1897 749 1944 ea
771 1883 895 1943 tantum
917 1878 1044 1961 collegi,
1070 1878 1184 1961 quibus
1201 1879 1344 1963 plerique

208 1982 318 2048 dieunt
350 1988 542 2067 apparatum
564 1981 815 2066 mythologieum
838 1980 941 2064 ellici,
977 1982 1107 2047 nomina
1135 1989 1167 2048 et
1193 1983 1345 2048 attributa

209 2087 357 2164 deorum;
385 2084 443 2150 sed
458 2084 565 2168 potius
580 2083 616 2149 id
631 2083 695 2168 egi,
721 2090 756 2148 01
770 2104 896 2149 omnem
911 2083 1066 2150 rationem
1088 2085 1343 2165 nominandi,

209 2186 494 2269 describendi,
514 2187 739 2254 inducendi
754 2186 871 2269 deos,
891 2206 974 2270 quae
989 2187 1155 2272 hispoelis
1170 2187 1345 2254 eommunis

209 2299 267 2376 est,
293 2292 504 2376 illustrarem,
531 2311 725 2376 quamquam
746 2291 808 2357 hoc
830 2291 922 2356 modo
944 2297 1135 2372 tractantur,
1168 2313 1253 2374 quae
1281 2312 1344 2357 000

209 2395 252 2461 ad
274 2395 504 2480 mythologiam
526 2395 632 2478 ipsam
654 2393 814 2480 pertinere
836 2394 994 2483 videntur.

299 2517 378 2583 (lum
403 2521 491 2582 certa
512 2515 566 2581 via
588 2514 811 2600 disponendae
833 2534 950 2581 causae
973 2515 1067 2591 desit,
1094 2515 1230 2599 primum
1254 2515 1340 2598 deos,

212 2620 323 2705 quiin
345 2620 484 2704 Olympo
506 2617 662 2699 habitant,
689 2617 807 2684 deinde
830 2626 963 2700 ceteros,
988 2623 1056 2683 tum
1078 2619 1192 2684 heroes
1209 2619 1347 2685 similes-

211 2745 283 2807 que,
311 2723 450 2807 denique
472 2723 597 2807 reliqua
618 2721 835 2808 mythologice
856 2721 1049 2806 perquiram.

296 2913 313 2995 q
337 2915 366 2974 2.
414 2912 603 2994 Priusquam
631 2912 674 2976 ad
696 2910 841 2994 singulos
863 2911 982 2997 accedo
1004 2911 1093 2993 deos,
1119 2910 1255 2981 eandem
1278 2912 1345 2978 fere

210 3016 366 3082 rationem
387 3016 470 3081 inter
499 3035 554 3082 eos
577 3034 649 3081 esse
672 3033 790 3099 eosque
812 3014 855 3080 ad
877 3033 929 3081 res
952 3035 1033 3099 quas
1056 3023 1183 3081 enarrat
1204 3016 1239 3081 in
1260 3017 1346 3082 'lhe-

211 3119 307 3186 haide
330 3119 397 3210 lere
418 3119 505 3185 idem
527 3119 673 3184 valentes
695 3118 804 3184 facere
820 3118 956 3184 Statium
979 3125 1076 3201 atque
1091 3120 1269 3201 Vergilium
1291 3119 1348 3186 de-

212 3222 452 3289 monstrandum
468 3228 528 3287 est.
568 3242 642 3287 nam
658 3220 809 3287 Ovidium
832 3222 893 3286 hac
907 3222 940 3286 in
956 3243 1000 3302 re,
1020 3221 1103 3287 sieut
1116 3221 1151 3287 in
1165 3224 1348 3289 Thebaidos

212 3325 420 3410 dispositione
442 3345 537 3408 quam
560 3323 780 3406 tractavimus,
806 3326 989 3409 exemplum
1011 3344 1075 3391 non
1096 3325 1197 3392 luisse
1213 3346 1272 3410 par
1287 3333 1343 3392 est.

297 3446 387 3511 Sicut
400 3445 433 3510 in
447 3445 517 3530 ipso
532 3443 622 3510 initio
637 3443 808 3527 Aeneidos,
827 3451 863 3510 ut
877 3444 918 3510 de
934 3443 1044 3510 haere
1065 3444 1206 3511 breviter
1228 3445 1344 3530 dicam,

210 3551 289 3616 Iuno
310 3550 345 3615 in
359 3550 468 3615 Iovem
489 3549 610 3614 infesta
632 3556 681 3614 est
702 3554 799 3632 atque
819 3549 962 3614 Aeneam
985 3547 1120 3632 perdere
1142 3549 1265 3630 studet,
1300 3549 1346 3615 ita

211 3655 333 3720 Statius
370 3673 442 3720 eam
474 3653 560 3736 Iovi,
599 3653 654 3736 qui
687 3655 787 3718 totam
820 3652 994 3718 Cadmeam
1032 3659 1160 3736 gentem
1194 3674 1214 3718 a
1248 3654 1347 3739 stirpe

212 3757 368 3824 revellere
402 3756 492 3837 velit,
527 3756 728 3823 resistentem
758 3755 852 3840 fingit
883 3755 976 3822 initio
1011 3755 1196 3823 Thebaidos
1226 3757 1256 3840 I,
1287 3761 1347 3820 244

212 3865 314 3927 -50:

283 4001 350 4057 belli
368 4001 435 4056 mihi
454 4001 559 4056 semina
577 4006 659 4056 sunto
671 3999 812 4055 Adrastus
830 4015 910 4055 socer
928 4006 956 4054 et
973 4001 1090 4070 superis,
1117 4017 1143 4062 a,
1163 4000 1258 4055 iuncta
1281 4001 1350 4056 sini-

214 4090 280 4144 stris
297 4089 426 4143 eonubia.
462 4088 534 4144 hanc
555 4089 639 4143 etiam
657 4087 755 4156 poenis
772 4087 912 4143 incessere
940 4093 1049 4155 gentem
1075 4087 1232 4152 decretum
1260 4102 1350 4157 neque

212 4178 286 4232 enim
304 4191 406 4232 arcano
424 4176 459 4230 de
477 4181 591 4243 pectore
609 4173 696 4249 fallarq
707 4175 842 4230 Tantalus
867 4179 896 4228 01
919 4189 1020 4229 saevae
1043 4173 1126 4243 periit
1147 4173 1249 4229 iniuria
1272 4190 1349 4228 1000-

213 4279 271 4318 sae.
291 4263 332 4317 sic
348 4265 429 4329 pater
446 4261 630 4329 omnipotens.
657 4267 703 4316 ast
720 4261 761 4316 illi
780 4261 875 4317 saucia
893 4261 978 4317 dictis
996 4259 1135 4314 flammato
1152 4275 1268 4315 versans
1287 4261 1349 4315 ino-
