2798 4830
604 1064 705 1145 LIB.
730 1065 803 1147 ΙΠ.

360 1309 419 1398 llll
445 1309 756 1404 oltroslllolu
781 1312 1050 1406 THEBAlllOS.

626 1743 715 1837 Cap.
744 1741 773 1812 Ι.
900 1739 908 1743 ’

220 1961 237 2045 §
256 1966 283 2024 1.
319 1962 358 2026 In
372 1961 414 2027 iis
429 1961 542 2043 rebus,
562 1979 644 2044 quas
658 1960 691 2025 in
707 1959 808 2045 primo
823 1965 857 2024 et
871 1959 971 2027 altero
993 1961 1075 2028 libro
1090 1970 1267 2049 pertracta·

9 2122 12 2127 .
132 2065 252 2147 vimus,
278 2063 388 2130 Ovidii
418 2063 612 2129 carminibus
634 2083 698 2129 non
720 2063 827 2129 minus
850 2085 945 2147 quam
960 2065 1096 2149 Vergilii
1117 2086 1196 2133 usus
1219 2075 1267 2134 est

133 2167 269 2252 Statius,
301 2167 336 2232 in
358 2165 558 2252 disponenda
585 2170 617 2231 et
639 2164 859 2251 componenda
880 2166 1047 2233 Thebaide
1074 2167 1142 2234 fere
1171 2169 1265 2236 unius

130 2270 276 2354 Vergilii.
315 2270 400 2354 quod
422 2268 579 2354 quomodo
601 2269 721 2336 factum
744 2270 796 2352 sit,
827 2269 923 2335 facile
945 2270 1188 2357 intellegemus,
1221 2273 1257 2357 si,

131 2395 214 2458 quae
232 2394 330 2460 supra
352 2374 392 2441 de
414 2373 592 2440 imitatione
614 2373 743 2456 generis
766 2372 895 2438 dicendi
918 2375 1062 2460 exposui,
1087 2375 1121 2441 in
1143 2396 1264 2443 memo·

130 2477 212 2543 riam
226 2476 493 2543 revocaverimus.
524 2477 583 2542 illa
602 2477 686 2542 enim
708 2476 843 2542 imitatio
864 2497 936 2543 cum
958 2498 1022 2542 non
1042 2478 1149 2563 posita
1170 2479 1266 2546 fuerit

129 2581 163 2646 in
186 2580 279 2646 certis
295 2579 374 2647 locis
390 2579 621 2663 exscribendis,
640 2579 699 2645 sed
713 2579 746 2644 in
760 2579 812 2663 iis,
830 2600 914 2664 quae
936 2581 1090 2647 memoria
1111 2583 1267 2650 tenuisset

130 2691 234 2769 poeta,
259 2684 418 2769 quomodo
438 2683 549 2750 referri
576 2683 678 2769 possit
699 2683 742 2749 ad
764 2682 827 2749 duo
849 2684 1013 2769 exempla,
1048 2685 1180 2770 planum
1202 2694 1260 2752 est.

130 2796 239 2854 contra
260 2787 294 2853 iu
317 2787 526 2873 dispositione
545 2787 746 2870 Thebaidos,
776 2786 866 2852 cuius
888 2794 1111 2870 argumentum
1133 2789 1263 2875 propius

128 2890 253 2956 accedit
274 2889 317 2955 ad
338 2889 485 2956 Aeneida
506 2909 603 2972 quam
625 2888 667 2955 ad
682 2890 979 2974 Metamorphoseon
997 2891 1263 2958 amatoriorumve

129 2993 304 3058 carminum
326 2993 435 3076 libros,
460 2993 545 3058 intra
560 2991 719 3059 Aeneidos
740 2992 950 3058 imitationem
974 3012 1046 3059 sese
1068 2994 1263 3061 continuisse

128 3097 297 3182 Papinium
320 3103 569 3163 consentaneum
591 3103 649 3162 est.

215 3237 317 3319 Atque
339 3254 374 3301 re
396 3254 473 3301 vera
496 3210 689 3319 quamquam
710 3233 823 3298 horum
854 3233 1030 3299 carminum
1053 3233 1261 3304 fundamenta

128 3339 218 3404 varia
246 3339 298 3404 vel
328 3358 425 3423 saepe
453 3338 582 3404 diversa
612 3343 700 3421 sunt,
732 3343 841 3403 tamen
863 3337 999 3403 Statium
1023 3339 1152 3424 saepius
1179 3348 1261 3407 tam-

128 3464 223 3526 quam
246 3443 383 3508 alterum
406 3441 583 3526 Vergilium
606 3439 840 3527 deprehendas.

217 3580 289 3659 Qua
318 3580 352 3644 in
381 3600 416 3647 re
443 3580 635 3666 explicanda
668 3600 739 3647 cum
769 3579 920 3645 universa
947 3584 1133 3660 tractemus,
1168 3580 1261 3646 simul

128 3683 266 3767 singula,
292 3703 374 3766 quae
396 3690 583 3767 congruant,
609 3704 650 3749 ne
673 3684 881 3767 seiungamus
896 3702 979 3765 quae
995 3701 1146 3768 separare
1168 3683 1261 3770 inep-

126 3794 193 3853 tum
216 3793 280 3871 est,
307 3786 451 3855 conferre
473 3787 585 3870 liceat,
610 3808 684 3853 nam
707 3788 768 3853 hoc
790 3785 885 3852 modo
907 3785 1042 3852 imitatio
1064 3786 1261 3854 manifestis-

126 3891 208 3956 sima
228 3889 288 3955 fit..

211 4029 229 4113 ᾗ
244 4031 276 4092 2.
315 4028 362 4093 Ac
377 4027 515 4113 primum
529 4027 659 4112 quidem
681 4028 890 4094 erroribus
903 4028 1034 4094 Aeneae
1048 4027 1082 4093 in
1097 4028 1258 4095 nonnullis

125 4131 221 4196 rebus
252 4130 469 4216 expeditio
490 4131 681 4216 Argivorum
704 4131 876 4213 Thebana,
910 4129 1027 4197 deindo
1055 4130 1089 4195 in
1111 4131 1258 4217 plurimis

126 4254 286 4317 pugnae
309 4232 779 4318 apudThcbascommissae
802 4235 952 4319 pugnis
968 4234 1146 4299 inItalia
1166 4234 1259 4301 factis
