2798 4830
502 331 544 340 -
591 295 676 376 [137]
722 331 765 341 -
1158 299 1197 360 47

100 453 235 537 errabant
256 481 384 550 geminae
409 521 464 538 ...
490 483 607 550 tigres
694 498 824 538 cervus
847 488 908 537 erat
931 481 1021 537 forma
1046 485 1201 553 praestanti

69 567 131 635 VH,
153 571 213 622 564.
400 624 409 633 „
661 568 725 633 VH,
746 570 805 621 483.

100 654 473 725 illasturbadeiseniorque
486 670 520 709 ex
533 670 609 709 more
695 670 776 725 quem
801 657 899 710 matris
923 655 959 711 ab
982 654 1067 711 ubere
1091 662 1201 724 raptum

65 741 198 795 sacerdos
216 741 358 809 sanguInis
379 741 496 807 oblitas,
523 746 608 812 atque
661 741 806 797 nutribant
815 740 996 812 Tyrrhusque
1008 747 1089 810 pater
1099 781 1105 794 .
1116 783 1122 795 .
1134 783 1140 794 .
1151 743 1201 797 ad·

64 824 166 881 Indum
192 841 306 896 maman
339 828 463 893 olentes,
494 828 608 895 palmite
660 832 770 882 suetum
787 828 911 898 imperiis
929 841 1007 882 soror
1023 827 1098 881 omni
1111 826 1200 883 Silvia

63 919 176 967 maturo
194 913 335 982 variisque
353 928 452 968 ornare
468 913 608 983 corymbis
661 928 727 967 cura
745 913 875 968 mollibus
893 914 1060 967 intexens
1083 914 1202 968 ornabat

63 1003 147 1054 curat
163 1002 194 1053 et
215 999 325 1054 alterno
350 999 472 1054 maculas
496 1000 609 1055 inter·
660 1015 764 1053 cornua
790 999 873 1054 settle
900 998 1085 1067 pectebatque
1111 998 1199 1053 ferum

65 1085 157 1152 ligat
174 1088 251 1139 ostro
270 1083 335 1150 VH,
355 1086 414 1138 568.
659 1101 783 1154 puroque
795 1085 825 1138 in
843 1083 921 1140 fonte
939 1087 1055 1142 lavabat
1064 1086 1127 1151 VII,
1137 1085 1197 1138 4844

106 1171 210 1240 quippe
242 1170 312 1225 nihil
347 1176 476 1239 grassata
508 1169 605 1238 fames,
694 1173 751 1236 ille,
765 1187 896 1225 manum
911 1172 1020 1240 patiens
1032 1187 1199 1241 mensaeque

63 1272 188 1310 manns
204 1257 292 1312 obvia
308 1257 408 1326 pascit,
429 1262 607 1327 exspectant·
658 1258 792 1313 adsuetus
810 1258 887 1321 erili,
907 1257 1116 1312 errabatsilvis
1133 1257 1197 1322 VII,

62 1342 382 1413 mmmm
658 1347 718 1397 m

99 1430 166 1484 illae
195 1433 288 1483 autem
314 1431 398 1498 longo
426 1445 487 1484 oum
517 1431 607 1486 limite
693 1430 858 1485 saucius
884 1435 915 1484 at
944 1429 1103 1500 quadrupes
1132 1433 1199 1484 nota

62 1513 121 1568 fusi
138 1514 281 1583 sanguinis
300 1514 337 1568 ad
354 1521 451 1585 portas
468 1517 606 1585 utrimque
659 1516 732 1570 intra
768 1519 843 1571 tecta
871 1513 975 1584 refugit
1009 1516 1198 1584 successitque

62 1602 206 1656 exstantia
236 1601 341 1655 ducunt
367 1602 475 1672 spicula
504 1602 606 1657 semia·
659 1618 772 1672 gemens
790 1600 910 1659 stabulis
928 1604 1083 1671 questuque
1102 1616 1200 1655 cruen-

61 1687 167 1752 nimes‚
202 1687 407 1756 gemituque
440 1687 607 1742 imitante
658 1692 704 1743 tus
728 1694 812 1758 atque
834 1687 1045 1756 imploranti
1069 1687 1200 1741 similis

62 1774 250 1843 querelas,
276 1772 399 1827 saucia
424 1770 546 1828 dilectis
559 1790 607 1830 ac·
659 1779 766 1828 tectum
783 1789 863 1827 omne
880 1773 1007 1842 replebat
1023 1772 1161 1838 vl1‚soo.

62 1857 172 1913 clinant
188 1863 302 1926 pectora
320 1858 405 1912 muris
423 1859 487 1925 VII,
502 1862 561 1914 595.

151 2103 212 2177 §4.
251 2098 398 2183 Denique
420 2101 453 2165 in
475 2120 513 2166 eo
535 2104 665 2165 secutus
687 2106 737 2165 est
755 2098 931 2182 Vergilium
953 2099 1085 2181 Statius,
1112 2100 1198 2183 quod

63 2200 201 2266 lectores
224 2201 266 2266 ad
280 2202 401 2268 inferos
421 2202 519 2268 ducit.
560 2221 753 2285 quamquam
775 2203 869 2283 enim,
896 2222 978 2285 quae
999 2203 1033 2268 in
1054 2203 1135 2268 libro
1154 2204 1198 2268 VI

63 2302 226 2370 Aeneidos
248 2305 335 2372 etin
357 2306 437 2373 libro
460 2306 537 2371 VIII
560 2304 744 2372 Thebaidos
767 2312 968 2390 enarrantur,
997 2307 1088 2372 varia
1110 2312 1193 2388 sunt,

17 2487 24 2501 ι
63 2428 136 2473 cum
158 2407 211 2474 hic
232 2408 446 2493 Amphiaraus
468 2409 562 2474 vivus
586 2429 657 2474 cum
680 2408 776 2474 armIs
805 2409 958 2492 equisque
988 2410 1092 2475 subito
1115 2412 1197 2475 Tar-

61 2518 167 2577 tarum
188 2510 386 2594 ingrcdiatur
401 2512 581 2593 moriturus,
608 2512 676 2577 illic
690 2513 818 2577 Aeneas
834 2502 1192 2592 deseendat'rediturus,

62 2621 173 2680 tamen
194 2620 327 2699 uterque
348 2620 444 2699 poeta
466 2615 500 2679 in
522 2614 633 2680 fabula
648 2615 839 2700 explicanda
852 2615 887 2680 id
908 2617 978 2684 sine
996 2616 1092 2683 dubio
1114 2617 1192 2701 agit,

61 2724 98 2783 ut
119 2736 171 2782 res
193 2717 306 2801 pingat
326 2718 481 2783 infernas.
522 2717 658 2801 SIngula
679 2718 784 2783 minus
806 2719 1018 2784 consentiunt.

528 2928 732 2938 ...-—--0.--

534 3103 623 3198 Cap.
653 3102 723 3173 ΠΙ,

150 3286 187 3350 In
209 3285 269 3352 hoc
291 3286 398 3371 capite
427 3280 582 3352 nonnulla
610 3287 731 3352 leviora
758 3294 963 3370 argumenta,
996 3310 1079 3372 quae
1107 3310 1193 3356 com-

61 3389 172 3454 munia
193 3396 268 3454 sunt
289 3389 341 3454 his
363 3390 478 3474 poctIs,
503 3396 636 3473 tangere
658 3391 736 3455 mihi
758 3392 864 3457 liceat.

150 3494 177 3577 1)
204 3493 343 3557 Primum
366 3493 523 3578 prodIgia,
558 3513 640 3575 quae
670 3494 750 3559 fiunt
771 3494 899 3578 Argivis
929 3496 962 3559 in
990 3496 1119 3579 itinere,
1152 3519 1193 3564 ex

61 3596 243 3680 GeorgIcon
265 3596 345 3662 libro
367 3596 469 3680 primo
491 3597 666 3681 composita
688 3603 771 3663 sunt.

267 3802 390 3869 Theb.
415 3804 488 3882 vu,
513 3807 661 3869 ros-25
679 3830 685 3869 2
706 3805 746 3870 a.
771 3805 798 3889 Ι,
824 3809 983 3871 ruo-oo.

94 3955 189 4013 ferunt
200 3957 277 4012 diros
289 3959 410 4014 monitus
422 3959 524 4013 voluc
532 3975 565 4014 re
573 3974 601 4013 s·
688 3959 880 4029 obscenaeque
902 3976 984 4014 canos
1002 3963 1191 4031 importunae-

59 4059 125 4113 que
142 4041 292 4114 feraeque.
310 4085 316 4097 .
333 4082 339 4094 .
354 4045 419 4097 tot,
653 4061 707 4114 que
724 4047 889 4100 volucres
908 4048 987 4113 signa
1005 4049 1110 4103 dabant
1128 4052 1187 4100 470.

92 4129 241 4198 aversique
265 4130 325 4185 suis
348 4129 510 4185 decursibus
532 4145 602 4183 am·
687 4131 790 4185 sistunt
809 4136 1004 4186 amnestia.

57 4230 120 4270 nea
138 4217 197 4267 405.
1125 4206 1320 4512 Δ
