2798 4830
493 320 538 334 ε-
583 288 669 369 [125]
715 322 760 332 -
1151 289 1193 352 aa

61 473 273 558 respondent:
304 473 348 539 de
368 475 421 539 his
440 475 526 538 infra
543 475 651 539 fusius
674 474 845 539 dicendum
867 473 942 553 erit,
975 475 1019 538 ad
1039 476 1100 540 illa
1119 477 1194 540 illn-

61 575 198 640 stranda
216 595 302 642 nune
322 576 452 642 mdo.

149 713 231 780 Oum
252 714 423 795 itinera,
447 734 531 799 quae
551 714 585 780 in
607 713 775 780 Thebaide
798 713 885 780 etin
905 713 1050 781 Aeneide
1072 714 1195 783 deseri-

60 802 192 901 buntur,
221 807 369 883 multum
402 819 485 884 inter
517 838 553 883 se
586 817 752 901 differant,
793 808 865 883 cum
897 818 1025 884 Aeneas
1062 814 1196 905 eiusque

62 922 195 986 comites
226 922 361 986 summis
389 922 499 986 maris'
516 921 680 1006 periculis}
695 921 853 1006 perfuncti
885 921 969 999 sint,
1004 924 1194 1007 Argivorum

62 1025 223 1112 exercitus
251 1025 359 1108 silvis,
397 1025 459 1090 viis
486 1024 598 1106 inviis,
637 1025 711 1089 aliis
744 1025 841 1090 rebus
872 1024 1060 1091 difficilibus
1092 1027 1196 1113 impe-

61 1126 166 1213 ditus,
201 1134 297 1195 aestu
316 1128 433 1212 sitique
462 1146 637 1213 oppressus
665 1133 752 1193 terra
772 1128 903 1193 Thebas
932 1128 1075 1214 petierit,
1111 1131 1196 1197 hano

62 1231 238 1296 carminum
267 1238 391 1316 partem
418 1231 523 1314 magis
552 1229 721 1297 dissentire
742 1251 839 1314 quam
862 1232 1039 1298 consentire
1061 1253 1194 1300 necesse

62 1341 129 1413 est;
167 1341 242 1400 sunt
272 1341 398 1417 tamen,
438 1353 520 1417 quae
548 1333 670 1399 Statius
702 1354 744 1400 ex
771 1334 916 1401 Aeneide
949 1334 1193 1422 deprompserit.

61 1438 171 1522 itaque
192 1438 368 1505 imitatione
396 1437 558 1505 Aeneidos
592 1436 712 1503 factum
741 1457 812 1504 esse
841 1459 975 1522 censeo,
1009 1447 1044 1505 ut
1073 1428 1195 1529 Statius
1233 1443 1236 1446 ’

60 1539 220 1606 incideret
246 1541 280 1606 in
307 1540 391 1606 illud
422 1540 548 1621 vitium,
586 1560 650 1623 quo
678 1541 818 1607 maximo
847 1541 1017 1608 Thebaida
1048 1543 1196 1618 laborare

61 1665 127 1710 non
149 1644 229 1710 sads
250 1651 361 1709 notum
387 1650 445 1710 est.
486 1649 523 1708 ut
548 1644 633 1708 enim
662 1644 907 1728 priusquamin
933 1645 1061 1734 Italiam
1081 1668 1197 1733 perve-

37 1748 144 1841 jniret
170 1748 299 1814 Aeneas
333 1747 492 1831 quomodo
523 1743 673 1813 fluctibns
703 1748 828 1813 delatus
858 1748 913 1832 sit,
952 1756 1018 1815 tam
1035 1759 1197 1819 accurate

60 1852 251 1937 explicatur,
276 1858 313 1917 ut
334 1851 494 1917 erroribus
511 1869 570 1917 sex
589 1851 663 1916 libri
686 1852 922 1936 contineantur,
948 1854 1012 1937 sic,
1036 1855 1195 1938 quomodo

60 1955 175 2038 Argivi
203 1955 264 2020 iter
285 1954 432 2034 fecerint,
459 1953 580 2019 Statius
602 1954 703 2020 nimia
725 1956 901 2021 subtilitate
923 1955 969 2021 ita
991 1957 1136 2042 exponit,
1161 1965 1197 2024 ut

61 2057 221 2125 adventus
250 2057 386 2142 septimo
415 2057 544 2124 demum
572 2057 607 2123 in
635 2058 717 2124 libro
745 2059 962 2126 describatur:
995 2060 1072 2142 quin
1098 2060 1196 2126 etiam

62 2181 169 2244 nugae
191 2161 322 2226 uberius
343 2166 524 2226 narrantur,
566 2159 624 2227 sed
646 2183 739 2245 quam
767 2162 898 2226 stultum
927 2161 1100 2228 inhaere
1123 2163 1196 2229 Sta-

62 2262 140 2346 tius,
165 2254 260 2346 quam
283 2263 438 2328 minutum
457 2263 648 2330 imitatorem
664 2283 699 2329 se
713 2267 870 2349 praestat!
897 2265 1037 2347 quicum
1053 2265 1196 2351 proxime

64 2365 107 2431 ad
128 2365 279 2432 vinnam
300 2365 437 2449 Vergilii
460 2385 494 2433 se
521 2367 672 2433 accedere
701 2373 806 2451 putet,
838 2367 1037 2451 longissime
1057 2368 1190 2435 recedit:

62 2490 138 2534 nam
161 2489 284 2535 errores
291 2470 432 2536 *Aeneae
455 2470 582 2556 proprie
602 2469 763 2555 pertinent
784 2470 827 2536 ad
841 2470 987 2536 Aeneida
1008 2471 1075 2539 fere
1097 2472 1196 2538 nihilo

62 2573 170 2638 minus
185 2590 336 2655 quamea
351 2593 434 2657 quae
450 2579 603 2658 geruntur
623 2573 657 2638 iu
678 2572 789 2650 Italia3
813 2573 848 2639 in
862 2573 1028 2640 Thebaide
1043 2575 1191 2661 plurima,
1299 2605 1301 2609 >

63 2696 146 2760 quae
167 2676 365 2762 praecedunt
386 2673 618 2762 oppugnandas
641 2682 673 2741 et
695 2677 926 2762 expugnandas
949 2675 1093 2757 Thebas,
1127 2677 1195 2743 exi·
1347 2662 1352 2677 ’

61 2779 130 2864 gui,
156 2800 198 2847 ne
221 2777 327 2845 dicam
349 2779 468 2846 nullius
490 2779 642 2845 momenti
664 2786 748 2844 sunt.
778 2851 792 2893 ,

152 2935 216 3019 ξδ’.
255 2934 361 3016 Atque
383 2933 523 3019 profecto
547 2934 683 3000 Statium
704 2934 738 2998 in
760 2935 822 2999 hac
843 2939 932 3019 parte
962 2934 1110 3000 carminis
1132 2955 1196 3001 non

63 3057 105 3104 ex
127 3057 187 3104 sua
207 3036 317 3112 indole
344 3035 494 3103 hausisse
523 3036 581 3104 sed
608 3038 790 3123 exemplum
812 3037 973 3103 Aeneidos
1000 3058 1101 3123 prava
1122 3039 1196 3104 imi-

62 3140 183 3208 tatione
206 3141 403 3225 expressisse
426 3159 467 3206 ex
490 3159 527 3205 eo
550 3147 696 3225 apparet,
726 3139 812 3224 quod
833 3161 897 3205 non
919 3141 1021 3206 solum
1044 3141 1195 3210 universa

63 3264 140 3329 pars
163 3243 341 3311 sedetiam
362 3243 508 3308 nonnulli
530 3243 602 3307 libri
625 3243 747 3309 similes
770 3249 854 3310 sunt.

149 3381 194 3448 Ut
211 3387 353 3447 autema
368 3379 568 3464 gravissimis
590 3380 759 3460 ordiamur,
785 3380 949 3461 Nemea,
976 3398 1058 3463 quae
1081 3386 1116 3444 ut
1131 3381 1192 3444 Ar-

65 3484 204 3550 chemori
227 3491 359 3550 mortem
382 3484 595 3565 celebrarent,
622 3483 733 3566 Argivi
762 3483 795 3548 in
821 3482 882 3547 hao
912 3482 1114 3567 expeditione
1142 3483 1193 3547 in-

64 3589 250 3671 stituerunt,
283 3606 412 3671 prorsus
442 3587 555 3652 eodem
584 3587 678 3651 modo
705 3607 767 3669 quo
796 3586 969 3651 certamina
992 3585 1137 3650 ludorum
1160 3585 1194 3650 in

64 3690 207 3757 Aeneide
222 3690 308 3755 facta
323 3696 355 3755 et
370 3689 486 3756 eadem
501 3690 676 3756 subtilitate
691 3711 754 3772 qua
769 3690 928 3772 Vergilius
952 3688 1043 3771 fingit
1057 3689 1190 3773 Statius,

64 3815 148 3878 quae
170 3794 377 3877 congruentia
405 3800 524 3876 quanta
554 3793 596 3858 sit
618 3800 652 3857 ut
674 3811 912 3876 cognoscamus,
947 3812 986 3856 ea
1015 3792 1193 3856 accuratius

64 3904 291 3984 pertractemus
321 3904 354 3964 et
375 3897 588 3972 conferamus
616 3896 830 3979 depinguntur
852 3896 884 3959 in
905 3895 1088 3958 Thebaidos
1112 3895 1192 3958 libro

64 4008 165 4084 sexto,
184 3999 219 4065 in
233 4000 392 4066 Aeneidos
407 3999 526 4082 quinto.
558 3998 660 4083 prima
676 3999 849 4063 certamina
865 3999 1045 4080 discrepare
1061 4016 1192 4061 neeesse

65 4107 130 4188 est:
148 4125 222 4170 nam
230 4102 352 4185 Argivi,
372 4123 443 4168 cum
459 4123 523 4167 non
537 4102 673 4167 navibus
688 4102 821 4186 profecti
832 4103 904 4178 sint,
924 4101 1078 4165 curriculo
1094 4122 1192 4181 elluo-

954 4222 985 4271 3*
1163 4274 1320 4520 Δ
