2798 4830
133 300 173 360 32
570 335 610 345 -
658 300 740 381 [raa]
787 334 832 367 ,-
962 275 963 289 '

165 486 450 554 iindIgnantem
468 485 588 541 animam
605 503 668 557 pro·

130 573 200 642 priis
218 588 273 626 non
295 571 419 625 reddidit
441 571 523 625 astris
542 572 594 636 VI,
610 575 669 625 885.

166 760 227 799 nos
251 760 315 798 rara
338 749 451 798 manent
476 746 592 799 exordia
619 744 672 799 fa-

131 845 205 884 mae
222 829 270 895 IV,
291 832 351 883 651.
568 897 571 902 ¹

165 920 253 981 †nec
282 918 383 972 desunt
412 916 510 981 animI,
547 918 672 971 veniat

130 1004 212 1058 modo
230 1003 365 1058 fortior
383 1009 482 1057 actas
503 1003 555 1069 IV,
576 1005 634 1056 253.

165 1090 247 1153 †sed
270 1090 353 1159 quid
378 1106 430 1158 ego
454 1088 542 1143 haec‘l
564 1087 671 1144 fessos·

131 1191 185 1244 que
199 1177 303 1245 optatis
322 1177 481 1230 demoror
499 1177 601 1231 undis?
619 1176 669 1239 IV,

132 1264 191 1316 774.

166 1353 290 1416 †tuque
314 1363 331 1402 o
352 1349 461 1403 cunctis
484 1349 593 1403 insuete
620 1349 672 1403 do·

132 1435 201 1487 mari
210 1433 316 1488 solibus
326 1439 456 1489 aeternae
469 1435 588 1503 largitor
599 1450 672 1489 cor-

131 1522 233 1589 niger
257 1521 347 1575 undae
369 1522 460 1576 laetus
488 1537 561 1587 eas,
587 1539 672 1592 qua-

131 1622 277 1676 cumque
300 1607 383 1661 domo
406 1608 501 1677 gelida
519 1624 568 1661 ora
586 1610 673 1663 resol—

131 1693 175 1749 vis
201 1695 358 1749 immortale
385 1702 508 1758 tumens,
532 1736 538 1747 .
558 1735 564 1747 .
586 1735 592 1747 .
616 1737 622 1749 .
643 1700 673 1748 et

131 1780 200 1833 nulli
225 1781 282 1834 ruis
305 1781 501 1850 expugnabilis
525 1786 611 1835 astro.
641 1786 671 1835 te

131 1881 183 1920 nec
194 1861 360 1935 Apollineus
370 1867 468 1921 Ladon
480 1882 532 1921 nec
541 1868 671 1922 Xanthus

130 1958 267 2021 uterque.
284 1993 289 2003 .
307 1994 313 2005 .
332 1955 532 2023 praestiterint,
553 1959 671 2024 topace

131 2039 207 2104 mibi,
234 2045 265 2094 tu
282 2040 356 2094 nube
380 2041 433 2094 sub
451 2041 513 2108 ipsa
533 2057 671 2094 armorum

133 2125 433 2180 ...celebrabere
451 2127 501 2190 IV,
523 2128 582 2179 830.

165 2212 462 2278 lImmaniavulnera,
482 2218 614 2277 rector,
631 2215 672 2266 in-

130 2304 240 2366 tegrare
258 2298 362 2354 iubes
381 2299 416 2365 V,
437 2301 480 2351 29.
552 2352 555 2359 ,

164 2385 331 2450 omiserae,
371 2385 471 2455 quibus
500 2384 545 2438 hic
574 2383 671 2439 furor

129 2471 277 2526 addItus
294 2473 330 2537 V,
351 2473 393 2522 33.

163 2559 302 2622 inveni,
322 2558 455 2627 promitto
476 2558 582 2621 viam,
604 2599 610 2611 .
633 2598 639 2610 .
662 2598 667 2609 .

86 2696 89 2701 ,
131 2661 194 2713 qua
212 2644 375 2698 renovanda
393 2644 490 2699 Venus
509 2644 544 2705 V,
566 2645 623 2695 169.

163 2729 227 2783 hoc
246 2728 348 2784 ferrum
370 2731 479 2794 stratis,
506 2729 585 2795 hoc,
611 2746 670 2785 cre

129 2816 198 2879 dite,
218 2812 320 2869 ferrum
333 2817 475 2884 imposuit.
496 2817 572 2885 quin,
586 2832 603 2870 o
616 2818 669 2871 mi-

129 2916 224 2963 serae,
253 2901 317 2955 dum
342 2907 479 2972 tempus
503 2903 560 2971 agi
587 2919 665 2969 rem,

98 3040 100 3046 ,
128 2987 266 3040 consulite
285 2987 320 3053 V,
343 2989 400 3040 139.

166 3077 229 3136 Jsut
246 3088 314 3127 vero
331 3068 495 3129 Alcimeden
518 3076 668 3130 etiamnum

129 3160 157 3212 in
182 3177 319 3214 murmure
343 3166 457 3215 truncos
481 3159 554 3216 ferre
580 3164 668 3230 patris

129 3247 223 3300 vultus
236 3253 265 3300 et
277 3252 405 3315 egentem
418 3249 560 3316 sanguinis
573 3265 667 3302 ensem

107 3402 108 3406 ἵ
130 3334 263 3402 conspexi
282 3334 317 3398 V,
338 3336 396 3385 236.

164 3504 345 3576 labruptam
373 3507 498 3561 credas
528 3508 668 3562 radicibus

128 3591 169 3644 irc
182 3590 326 3662 Ortygiam
343 3599 392 3646 aut
410 3590 527 3647 fractum
545 3595 667 3663 pelago

129 3675 275 3732 decurrere
293 3684 443 3732 montem
462 3680 496 3743 V,
518 3683 577 3732 338.

162 3767 246 3826 inec
264 3780 420 3833 superum
439 3767 514 3820 sine
538 3774 665 3830 mente,

128 3863 220 3914 reor,
240 3851 369 3920 placuere
388 3849 509 3907 fatentes
528 3854 564 3916 V,
578 3855 636 3905 452.

167 4007 340 4067 ltandem
383 4008 508 4063 laxata
549 4008 667 4063 dolori

128 4105 194 4143 vox
213 4092 320 4147 invenit
338 4094 408 4147 lter
425 4095 461 4158 V,
482 4097 540 4146 606.

161 4177 261 4246 lquid
288 4180 360 4231 enim
390 4181 529 4236 timeam
560 4185 667 4237 mori-

126 4267 205 4316 tura
223 4259 325 4319 fateri?
344 4268 378 4333 V,
399 4270 458 4320 623.

759 487 872 556 vitaque
895 502 958 541 curn
984 487 1091 554 gemitu
1114 486 1190 556 fugit
1213 489 1264 542 in·

724 572 871 640 dignata
890 573 942 627 sub
967 572 1080 627 umbras
1098 590 1124 627 a.
1139 574 1191 640 XI,
1207 577 1264 628 831.

723 658 791 723 XII,
813 661 872 711 952.

758 746 794 799 ad
812 761 877 800 nos
895 745 944 798 vix
963 745 1055 799 tenuis
1073 743 1189 799 famae
1207 762 1265 816 per-

723 830 829 886 labitur
847 846 915 885 aura
933 848 958 885 a.
974 831 1040 896 Vll,
1060 834 1120 885 646.

758 917 924 992 Telemacho
937 918 1071 982 veniet,
1084 919 1165 974 vivat
1174 919 1265 980 modo,

725 1001 856 1056 fortior
874 1008 975 1057 actas
994 1020 1038 1073 ep.
1058 1004 1082 1067 I,
1106 1007 1165 1057 107.

758 1088 977 1158 Teucrosquid
990 1088 1152 1145 demoror
1165 1092 1266 1144 armis?

723 1191 749 1228 a.
765 1174 829 1237 XII,
852 1176 910 1228 175.

759 1352 865 1416 quote
882 1364 1030 1417 eumque
1042 1349 1120 1404 lacus
1133 1351 1267 1404 miseran-

723 1437 780 1487 tem
792 1434 967 1488 incommoda
978 1441 1075 1489 nostra
1087 1434 1166 1490 fonte
1178 1442 1262 1499 tenet,

724 1535 946 1589 quocumque
973 1523 1033 1576 solo
1063 1521 1265 1591 pulcherrimus

724 1606 817 1670 exis,
844 1621 953 1676 semper
970 1607 1074 1662 honore
1092 1625 1170 1671 meo,
1197 1625 1266 1663 sem-

723 1707 774 1761 per
800 1692 1031 1747 celebrabere
1058 1695 1156 1758 donis,
1187 1711 1264 1749 cor·

723 1778 825 1847 niger
842 1779 1027 1849 Hesperidum
1045 1779 1148 1837 fluvius
1166 1797 1264 1849 regna-

724 1868 768 1916 tor
791 1879 934 1932 aquarum.
965 1867 1043 1921 adsis
1067 1881 1084 1918 o
1106 1871 1215 1921 tantum
1237 1871 1264 1920 et

723 1951 839 2019 propius
850 1954 900 2005 tua
912 1953 1025 2006 numina
1038 1950 1132 2007 firmes
1145 1971 1171 2007 a.
1183 1954 1261 2018 Vlll,

724 2035 765 2085 74.

758 2205 918 2271 infandum,
939 2210 1078 2278 regina,
1102 2211 1205 2267 iubes
1223 2227 1262 2265 re

723 2308 827 2347 novare
846 2294 970 2348 dolorem
988 2311 1013 2349 a.
1029 2297 1066 2363 ΙΙ,
1088 2300 1112 2352 3.

757 2380 798 2432 sic
815 2381 917 2440 animis
934 2383 1065 2436 iuvenum
1089 2369 1189 2439 furor
1206 2385 1263 2438 ad·

723 2465 817 2521 ditus
835 2482 860 2519 a.
875 2465 911 2532 Π,
931 2469 990 2520 355.

756 2551 894 2616 inveni,
914 2569 1060 2622 germana,
1088 2557 1193 2622 viam,
1210 2597 1215 2609 .
1234 2599 1260 2610 ..

721 2652 811 2704 quae
825 2639 891 2691 milri
906 2641 1006 2694 reddat
1017 2657 1079 2694 eum
1092 2646 1117 2695 a.
1133 2643 1184 2704 IV,
1198 2646 1258 2695 478.

755 2721 823 2775 »hic
842 2726 970 2791 quaerite
988 2727 1114 2792 Troiam,
1135 2729 1193 2783 hic
1212 2729 1262 2782 do—

721 2824 781 2861 mus
794 2815 848 2863 esta
867 2811 958 2879 inquit
969 2813 1084 2867 »vobis«.
1111 2815 1165 2867 iam
1179 2820 1261 2868 tem-

720 2910 784 2963 pus
802 2896 861 2964 agi
880 2911 936 2951 res
955 2915 981 2952 a.
996 2899 1032 2964 V,
1046 2901 1105 2953 638.

755 3073 785 3121 at
809 3083 852 3120 me
876 3074 933 3122 tum
952 3070 1070 3139 primum
1088 3088 1190 3128 saevos
1207 3073 1262 3127 cir-

721 3155 865 3207 cumstetit
882 3155 988 3210 horror.
1017 3158 1154 3226 obstipui,
1177 3159 1262 3214 subiit

721 3239 777 3292 cari
807 3237 943 3307 genitoris
971 3242 1079 3310 imago,
1111 3250 1142 3296 ut
1170 3261 1261 3314 regem

720 3340 893 3394 aequaevum
923 3329 1029 3382 crudeli
1059 3331 1173 3392 vulnere
1203 3331 1261 3384 vidi

721 3411 808 3464 vItam
827 3413 1002 3469 exhalantem
1020 3431 1045 3468 a.
1061 3416 1097 3479 II,
1120 3419 1179 3469 559.
1289 3476 1292 3483 Ι

754 3498 883 3567 pelago
906 3500 1032 3554 credas
1056 3502 1152 3557 Innare
1172 3504 1261 3557 revol-

721 3598 767 3636 sas
786 3583 925 3653 chladas
949 3591 999 3640 aut
1021 3589 1124 3643 montis
1143 3604 1261 3643 concur-

720 3684 780 3722 rere
793 3673 976 3728 montibus
988 3675 1061 3728 altos
1073 3692 1097 3727 a.
1107 3675 1187 3740 VIII,
1201 3679 1259 3728 691.

760 3754 829 3809 baut
864 3759 992 3826 equidem
1030 3760 1107 3814 sine
1146 3768 1261 3816 mente

720 3856 814 3906 reor,
836 3842 896 3896 sine
914 3846 1026 3900 numine
1045 3845 1163 3900 diuum
1181 3863 1207 3901 a.
1223 3848 1258 3909 V,

719 3929 761 3981 56.

754 4016 782 4066 ct
799 4013 855 4069 via
874 4016 921 4067 vix
940 4017 1078 4070 tandem
1103 4020 1181 4074 voci
1208 4022 1262 4074 la-

720 4105 802 4152 xata
821 4100 985 4157 dolorest
1003 4119 1028 4155 a.
1044 4103 1093 4168 Xl,
1118 4106 1174 4156 151.

754 4201 834 4253 quem
848 4189 953 4241 metui
967 4190 1162 4243 moritura?
1175 4209 1200 4247 a.
1210 4192 1259 4253 IV,

719 4274 779 4322 604.
