2798 4830
210 273 269 332 114
642 307 687 316 --
733 269 817 350 [eor]
864 306 908 314 -

291 460 407 542 Agitur
429 459 470 525 de
492 459 621 524 foedere
643 459 684 522 ab
701 459 830 525 Eteocle
853 465 885 524 et
905 458 1059 543 Polynice
1088 457 1241 522 fratribus
1263 455 1337 536 icto,

208 583 289 645 quo,
321 569 356 628 ut
384 564 466 628 alter
493 583 550 648 per
579 584 676 627 unum
699 583 818 627 annum
841 582 940 645 regno
963 562 1090 626 functus
1113 560 1149 624 id
1171 560 1268 625 alteri
1290 560 1346 624 de-

209 665 306 733 ferret
328 673 423 733 etex
444 666 550 752 patria
572 666 682 746 exiret,
709 666 792 730 inter
815 685 849 731 se
872 665 958 750 pacti
981 671 1064 730 sunt.
1097 663 1344 746 quamobrem,

210 769 238 834 si
259 770 391 857 Tydeus
414 790 434 833 a
453 764 610 858 Polynice
633 769 763 834 Thebas
787 769 904 834 missus
927 769 1088 835 Eteoclem
1112 767 1281 848 admonet,
1316 773 1349 830 ut

208 873 242 936 in
264 872 404 948 foederis
420 872 660 939 condicionibus
681 879 875 957 perseveret,
902 879 1119 954 utrumqne
1132 896 1138 934 :
1153 877 1197 934 'et
1220 877 1256 934 ut
1277 890 1350 950 reg-

209 996 285 1062 num
320 975 461 1040 dimittat
483 983 514 1041 et
545 983 579 1041 ut
608 977 642 1039 in
665 975 814 1040 exsilium
838 981 899 1056 eat,
926 996 1000 1040 eum
1022 974 1187 1058 postulare
1210 993 1348 1056 aequum

210 1086 269 1143 est.
307 1079 363 1162 qui
386 1098 499 1144 sensus
524 1085 558 1143 ut
579 1099 691 1144 revera
713 1080 819 1144 verbis
846 1077 1058 1162 exprimatur,
1085 1098 1148 1160 non
1176 1100 1274 1161 repere
1297 1079 1350 1138 de-

211 1185 365 1265 scendere,
386 1203 479 1265 quae,
498 1182 526 1245 si
550 1203 682 1264 regnum
705 1182 851 1266 intellegi
874 1188 978 1267 potest
1001 1181 1126 1264 solium,
1153 1182 1259 1245 altera
1283 1180 1350 1244 foe-

212 1285 297 1351 deris
320 1285 462 1350 condicio
492 1291 556 1365 est,
592 1286 650 1350 sed
680 1310 775 1370 repre
798 1287 944 1348 decedere
971 1284 1182 1365 desideratur,
1209 1285 1297 1366 quod
1321 1291 1352 1348 et

212 1410 382 1472 regnare
406 1389 597 1461 desinere
621 1395 652 1454 et
675 1389 831 1454 finibus
855 1388 1054 1453 excedere
1078 1387 1251 1470 significat.
1293 1388 1351 1451 hoc

212 1493 352 1573 verbum,
372 1493 464 1577 quod
487 1493 622 1557 Mueller
650 1513 775 1575 quoque
797 1494 838 1556 ab
861 1492 918 1556 illo
941 1494 1028 1573 loco,
1064 1491 1119 1574 qui
1146 1491 1189 1555 ad
1212 1490 1349 1554 eandem

213 1596 395 1678 pactionem
418 1597 565 1681 pertinet,

282 1715 368 1769 Theb.
389 1716 412 1777 I,
433 1718 497 1769 317:
518 1716 643 1769 lcurru'deru
661 1717 783 1769 decedere
801 1734 895 1787 repeto,

212 1820 344 1883 allatum
368 1840 544 1904 proponere
568 1820 703 1901 videtur,
731 1821 799 1885 sine
823 1820 919 1883 dnbio
943 1819 1063 1883 Statius
1086 1816 1223 1902 scripsit.
1259 1837 1350 1881 acce-

105 1948 106 1951 *
215 1923 271 2004 dit,
298 1923 392 2005 quod,
420 1944 490 1988 cum
514 1946 545 1988 v.
571 1925 613 2004 ll,
641 1927 719 1987 398:

284 2046 477 2097 succederet
495 2044 574 2096 aulae
596 2048 636 2107 l:
656 2048 790 2111 regnaret)

214 2147 249 2212 id
271 2148 506 2232 pronuntietur,
533 2148 619 2230 quod
642 2147 773 2231 Tydeus
797 2167 854 2231 pro
878 2145 1029 2230 Polynice
1057 2145 1213 2229 postulat,
1255 2147 1351 2210 verbo

213 2252 392 2317 decedendi
420 2272 500 2336 opus
531 2257 595 2334 est,
629 2258 663 2315 ut
691 2252 806 2334 verba,
832 2252 949 2334 quibus
968 2251 1100 2316 fratrum
1123 2269 1218 2314 casus
1242 2250 1350 2314 decla-

216 2362 335 2436 rantur,
361 2364 447 2421 recte
470 2356 553 2420 inter
575 2374 609 2420 se
633 2362 844 2440 opponantur.

301 2477 440 2542 Verbum
464 2475 682 2541 descendendi
705 2494 777 2541 esse
801 2475 1009 2559 depravatum
1032 2475 1097 2539 iam
1115 2473 1349 2551 Lachmannus,

216 2580 270 2662 qui
301 2581 524 2673 discedere
547 2581 685 2662 mavult,
718 2579 888 2644 intellexit.
926 2584 1065 2644 ceterum
1088 2579 1272 2641 descendere
1296 2597 1350 2661 pro

216 2685 360 2748 decedere
382 2685 478 2749 etiam
500 2684 603 2750 Theb.
630 2684 683 2764 Vl,
713 2686 774 2748 620
798 2702 880 2748 unus
903 2682 1004 2747 codex
1027 2681 1168 2747 exhibet.

300 2959 520 3039 Difficillimus
535 2965 584 3025 est
599 2981 630 3026 v.
653 2967 692 3037 11,
711 2967 780 3036 465,
800 2979 895 3041 quem
911 2959 1036 3025 codices
1052 2958 1163 3043 optimi
1178 2958 1239 3023 hoc
1261 2956 1352 3022 modo

217 3063 386 3130 exhibent:

288 3201 437 3269 Oedipodes
455 3207 483 3253 tu
501 3202 573 3254 colus
592 3220 660 3266 erus,
681 3200 746 3253 baec
759 3200 885 3270 praemio
903 3219 1005 3254 ecorum
1026 3241 1053 3253 ..
1072 3240 1077 3251 .
1091 3202 1172 3270 seres

217 3322 278 3385 eris
300 3343 365 3406 pm,
392 3342 475 3405 quae
498 3322 596 3387 verba
618 3322 753 3386 Mueller
775 3321 890 3386 mirum
912 3321 945 3385 in
968 3321 1096 3386 modum
1120 3320 1257 3385 mutavit
1278 3320 1312 3384 in

291 3459 436 3530 Oedipodis
455 3465 483 3512 tu
500 3462 572 3514 colus
591 3479 659 3525 erus,
679 3461 743 3513 haec
757 3461 883 3532 praecocia
901 3478 1003 3512 mortun
1023 3500 1029 3511 .
1047 3499 1052 3510 .
1070 3500 1075 3510 .
1089 3462 1196 3528 fereae.

304 3564 368 3628 Res
390 3583 472 3644 quae
495 3571 642 3629 namatus
664 3569 713 3628 est
734 3565 834 3628 hacc:
860 3570 1028 3646 postquam
1044 3563 1176 3647 Tydeus
1192 3561 1353 3646 Polynicis

218 3665 344 3748 legatus
366 3686 430 3731 non
452 3666 566 3732 mirum
590 3686 661 3732 esse
683 3666 773 3746 dixit,
800 3668 963 3733 Eteoclem
986 3674 1052 3732 tam
1075 3669 1246 3732 scelestum
1270 3685 1351 3746 esse,

217 3769 389 3851 quodiam
412 3777 522 3835 auctor
536 3771 674 3854 generis,
702 3756 852 3847 Cadmus,
879 3775 911 3833 et
933 3769 1068 3835 thalami
1083 3776 1251 3854 parentum
1274 3768 1354 3832 fuis-

219 3878 289 3936 sent
312 3874 450 3954 scelesti,
467 3881 543 3959 apte
558 3875 722 3940 Eteoclem
742 3873 847 3956 ipsum
872 3879 1001 3956 propter
1023 3873 1164 3937 animum
1187 3891 1354 3955 moresque

219 3975 288 4040 eius
301 3975 500 4059 Oedipodem
515 3978 667 4061 nominat,
683 3997 746 4041 non
762 3976 846 4060 quod
862 3976 946 4040 filius
963 3976 1004 4041 sit
1016 3975 1192 4060 Oedipodis
1208 3976 1267 4041 sed
1282 3976 1357 4058 quia

219 4099 260 4143 ex
283 4080 459 4167 sceleribus
482 4087 513 4145 et
535 4101 640 4165 poena
661 4081 766 4145 alter
789 4079 930 4163 Oedipus
958 4084 1179 4162 cognoscatur.
1226 4079 1277 4144 his
1300 4100 1357 4144 ex-

220 4183 332 4265 positis
356 4183 395 4248 de
419 4183 618 4249 substantivo
644 4184 816 4268 Oedipodes
837 4183 917 4247 nihil
941 4183 1128 4283 mutandum
1162 4190 1220 4248 est.
1272 4181 1356 4267 quod
