2798 4830
640 341 683 349 -
730 304 792 384 p„
840 339 882 348 ..

279 493 392 576 Neque
408 492 564 558 tamenin
587 512 625 556 eo
648 492 782 557 vertitur
802 491 849 555 rei
865 490 970 574 cardo,
990 497 1025 556 ut
1038 491 1176 555 sciamus
1192 489 1331 555 Statium

191 595 350 662 imitatum
373 615 445 662 esse
467 595 644 680 Vergilium
670 596 722 662 vel
746 595 894 661 Ovidium
915 594 1115 660 -Ovidius
1138 594 1224 660 euim
1246 593 1333 659 inter

193 701 344 786 exempla
372 701 532 785 epicorum
561 705 727 785 poetarum
758 698 967 784 posteriorum
990 698 1130 764 secundo
1159 700 1229 763 loeo
1257 704 1332 782 post

192 805 370 886 Vergilium
393 810 549 884 censetur,
571 802 689 868 —sed
711 809 747 867 ut
769 802 1011 888 perspiciamus,
1038 804 1234 885 quomodo
1255 803 1331 867 imi-

191 916 277 976 tatus
307 909 358 973 sit.
405 908 604 991 aliquantum
627 907 711 972 enim
738 908 887 990 interest,
923 913 1029 972 utrum
1051 906 1225 972 nonnullae
1252 926 1329 971 sen-

191 1012 322 1094 tentiae,
348 1011 533 1092 locutiones,
558 1009 700 1092 fabulae,
722 1011 954 1096 descriptiones
972 1009 1006 1076 in
1027 1010 1192 1094 utriusque
1215 1015 1330 1094 poetae

193 1114 400 1200 carminibus„
409 1113 532 1178 similes
559 1115 774 1199 reperiantur,
807 1135 849 1180 an
879 1115 992 1180 eadem
1014 1134 1067 1180 ars
1096 1114 1204 1198 epiea‚
1241 1112 1328 1178 idem

193 1238 296 1305 genus
326 1217 472 1298 dicendi,
504 1217 637 1283 eaedem
666 1217 829 1283 hominum
858 1219 1060 1302 locorumque
1083 1217 1326 1302 descriptiones,

194 1324 309 1391 eadem
331 1322 399 1388 fere
421 1328 611 1406 argumenta
632 1322 736 1407 poetis
760 1321 839 1403 sint3
866 1322 956 1405 atqui
971 1328 1003 1387 et
1017 1322 1099 1386 haec
1113 1327 1146 1386 et
1160 1320 1219 1386 illa
1233 1319 1325 1401 ratio,

194 1428 340 1513 quamvis
362 1427 458 1509 longe
480 1427 563 1491 inter
585 1445 620 1491 se
643 1424 770 1509 distent,
796 1427 979 1511 appellatur
1000 1425 1146 1490 imitatio.

281 1529 511 1595 Gravissimum
540 1549 615 1595 vero
645 1547 717 1593 esse
747 1547 863 1599 censeo
893 1529 933 1594 de
961 1528 1138 1594 imitatione
1165 1534 1330 1613 poctarum

195 1634 367 1718 diligenter
379 1652 553 1716 quaerere3
582 1653 645 1715 qua
658 1632 843 1713 quaestione
858 1633 1014 1714 instituta,
1033 1631 1187 1714 quomodo
1202 1651 1332 1717 proees-

196 1737 273 1804 serit
289 1757 360 1802 cum
376 1736 499 1820 reliqua
512 1736 619 1821 poesis
635 1737 780 1801 Romana
793 1742 859 1801 tum
876 1735 978 1821 epioe,
1000 1741 1105 1800 utrum
1121 1735 1274 1820 perducta
1289 1736 1332 1800 sit

197 1841 241 1906 ud
262 1840 416 1906 maiorem
431 1839 658 1925 perfectionem
682 1860 724 1903 an
739 1838 875 1925 delapsa
890 1840 932 1905 ad
947 1839 1120 1919 interitum,
1140 1859 1331 1922 cognoscere

193 1946 280 2012 licet.
328 1945 445 2011 deinde
467 1964 538 2009 eam
561 1963 627 2008 rem
655 1943 771 2008 summi
791 1944 942 2009 momenti
969 1962 1041 2010 esse
1061 1943 1196 2009 arbitror
1218 1944 1330 2026 quanti

194 2045 414 2116 aestimandus
431 2049 473 2114 sit
495 2054 592 2133 poeta
606 2048 724 2130 aliquis
744 2048 987 2129 quaerentibus:
1014 2048 1162 2112 nimirum
1184 2054 1251 2112 tum
1273 2048 1332 2113 de-

195 2175 281 2218 mum
297 2173 389 2230 suam
405 2152 519 2235 cuique
534 2157 648 2237 poetae
664 2150 853 2234 dignitatem
872 2152 1013 2217 tribuere
1032 2169 1214 2235 possumus,
1241 2152 1269 2215 si
1288 2152 1330 2217 de

194 2257 363 2342 exemplis,
382 2276 465 2340 quae
481 2261 608 2320 secutus
624 2261 682 2336 est,
702 2254 808 2319 omnia
823 2255 915 2320 nobis
933 2254 1099 2339 explorata
1115 2258 1199 2317 sunt.
1234 2260 1331 2336 atque

195 2382 265 2427 cum
281 2360 414 2442 Statius,
440 2379 534 2441 quem
555 2358 701 2423 omnibus
723 2357 791 2423 fere
806 2358 1001 2442 temporibus
1024 2357 1151 2422 etiamsi
1172 2357 1331 2423 detrecta-

193 2472 317 2547 verunt,
344 2473 452 2529 tamen
473 2483 536 2528 non
552 2467 809 2547 contempserunt
823 2461 884 2528 viri
899 2461 993 2543 docti,
1020 2461 1138 2543 dignus
1156 2462 1208 2544 sit,
1234 2481 1330 2544 quem

194 2587 420 2654 pernoscamus
443 2573 476 2632 et
496 2567 576 2631 tanti
597 2567 708 2649 quanti
730 2571 868 2630 meretur
890 2564 1107 2646 aestimemus,
1132 2565 1203 2650 ipse
1229 2586 1331 2649 nego-

192 2673 284 2752 tium,
309 2670 394 2756 quod
425 2676 578 2753 quantum
609 2669 650 2733 sit
671 2668 759 2734 baud
781 2669 907 2751 neseio,
939 2669 1083 2752 suscepi,
1116 2675 1151 2733 ut
1181 2670 1331 2753 exempla

195 2775 289 2842 Statii
304 2774 498 2839 illustrarem
521 2772 670 2856 indeque,
702 2772 817 2854 quibus
843 2772 878 2836 in
901 2773 996 2837 rebus
1018 2791 1207 2856 progressus
1230 2780 1327 2855 esset,

194 2877 407 2944 ostenderem.
444 2877 514 2942 Nec
536 2895 612 2942 vero
636 2876 738 2940 solum
761 2881 797 2940 ut
819 2880 904 2941 recte
927 2874 1147 2941 existimemus
1164 2876 1204 2941 de
1220 2883 1326 2960 poeta,

189 2981 253 3069 sed
283 2980 382 3046 etiam
419 2980 462 3045 ad
498 2984 621 3044 textum
663 2985 845 3063 corruptum
883 2978 1113 3044 restituendum
1149 2998 1204 3059 ea,
1246 3000 1329 3061 quae

193 3091 385 3151 tractaturus
415 3103 502 3165 sum,
536 3103 599 3148 non
628 3082 759 3148 leuiculi
781 3083 934 3148 momenti
968 3090 1051 3148 sunt.
1100 3089 1173 3148 suut
1199 3083 1329 3166 quidem

194 3189 261 3273 alii,
274 3192 294 3273 ¹)
327 3189 383 3272 qui
410 3188 444 3253 in
477 3186 679 3253 emendanda
702 3186 870 3252 Thebaide
898 3187 1157 3253 allitterationem
1180 3193 1213 3251 et
1234 3208 1331 3253 voca-

193 3295 272 3361 lium
296 3298 482 3359 concentum
505 3292 644 3356 maxime
667 3292 855 3376 respiciant:
883 3291 998 3373 quibus
1019 3290 1177 3356 interdum
1199 3291 1326 3376 accidit,

194 3405 321 3464 utnon
350 3401 496 3480 corrupta
525 3395 701 3479 corrigant,
736 3394 794 3460 sed
823 3400 950 3479 poetam
975 3395 1079 3479 ipsum
1102 3395 1289 3474 emendent;
1303 3398 1325 3481 ²)

194 3501 267 3580 alii,
294 3501 349 3583 qui
371 3498 559 3564 coniecturis
580 3499 616 3563 id
637 3499 776 3563 maxime
798 3504 922 3582 petant,
950 3504 983 3563 ut
1006 3499 1129 3579 omnia,
1162 3519 1245 3581 quae
1268 3500 1330 3563 ali-

194 3603 273 3686 quid
295 3603 368 3668 miri
390 3608 423 3667 et
444 3601 570 3668 obscuri
593 3600 713 3666 habent
733 3602 786 3667 vel
808 3601 928 3666 habere
946 3601 1103 3681 videntur,
1130 3608 1325 3685 removeant,

194 3708 235 3773 de
257 3706 387 3789 ingenio
410 3711 525 3790 poetae
548 3705 667 3786 securi3
694 3704 751 3769 alii
773 3705 846 3770 aliis
861 3705 1037 3770 rationibus
1052 3705 1220 3770 ducuntur.
1246 3726 1329 3788 quae

194 3810 301 3877 omnia
315 3811 392 3876 licet
405 3831 469 3876 non
491 3827 645 3894 peruersa
660 3808 733 3884 sint,
762 3803 871 3874 tamen
886 3809 949 3873 nisi
963 3814 1090 3893 poetam
1113 3808 1218 3893 ipsum
1242 3808 1329 3874 eius-

265 4039 280 4101 1)
303 4035 425 4100 Quorum
449 4034 478 4087 iu
503 4049 618 4088 numero
641 4033 778 4086 Henricus
801 4032 933 4088 Koestlin
960 4032 1068 4097 (Philol.
1093 4033 1211 4087 XXVII.
1231 4049 1258 4100 p.
1280 4036 1328 4084 277

193 4109 286 4168 —2921
308 4121 363 4159 nou
382 4103 451 4159 satis
469 4103 645 4158 intellexisse
663 4102 730 4156 mihi
749 4102 869 4169 videtur,
889 4102 1034 4159 Thebaida
1052 4119 1107 4158 non
1120 4117 1182 4158 esse
1193 4103 1330 4175 populare

192 4177 266 4248 quod
286 4174 404 4228 dicimus
422 4188 541 4228 carmen.

262 4244 282 4312 ²)
302 4244 343 4300 ita
361 4242 490 4299 Koestlin
508 4242 527 4297 l.
547 4257 572 4298 c.
592 4256 657 4313 pag.
677 4241 736 4296 283.
