2798 4830
529 388 572 396 -
619 353 704 433 [roe]
751 390 794 398 -
1173 350 1233 412 uo

103 546 158 619 est,
185 539 351 624 primaria:
386 541 518 604 subsecat
540 563 649 624 campo
672 541 822 625 pergitur.
855 562 951 624 quam
974 542 1013 606 ob
1036 563 1101 606 rem
1125 543 1236 610 leetio-

102 662 170 706 nem
192 642 310 709 oodieis
333 643 472 708 Behottii

371 752 564 816 expertamque
576 751 692 816 furores
714 749 759 809 (se.
780 748 891 812 milites)

107 839 273 899 ceterorum
298 833 424 900 lectioni
446 834 691 919 praeferendam
714 853 786 900 esse
809 835 953 901 arbitror.

592 1011 736 1019 ——-—-.

169 1128 226 1194 111,
240 1128 275 1182 42
295 1127 439 1199 irroipilaat
452 1127 540 1182 arsicino
554 1128 709 1198 scelerisque
718 1128 815 1198 parati
826 1129 987 1200 suppliciam
1001 1138 1122 1185 exerceat
1138 1152 1232 1194 carrae,-

103 1233 250 1298 enhibent
271 1234 391 1313 PB¹M;
413 1233 541 1317 patrati
561 1234 603 1297 B²
624 1233 677 1298 vel
700 1233 751 1314 13³,
777 1253 873 1315 quam
895 1233 1063 1300 lectionem
1086 1257 1107 1301 a
1128 1237 1234 1303 Lach-

103 1356 213 1402 manno
236 1339 401 1422 probatam
423 1337 559 1403 Mueller
582 1336 780 1402 substantivo
803 1336 1001 1420 suppliciam,
1038 1345 1072 1404 ut
1094 1340 1229 1424 videtur,

102 1448 277 1507 commotus
299 1442 333 1506 in
356 1448 476 1506 tentum
499 1441 689 1525 recepit-
715 1442 886 1522 Postquam
904 1440 1045 1525 Tydeus,
1072 1443 1234 1528 Polynieis

96 1543 237 1630 legatus,
275 1545 430 1628 decessit,
476 1544 633 1622 Eteocles,
665 1543 719 1626 qui
748 1542 874 1607 insidiis
902 1544 1025 1627 paratis
1047 1566 1119 1610 eum
1150 1547 1234 1613 oooi-

94 1645 223 1731 derent,
258 1650 317 1713 sub
348 1668 517 1731 vesperum
540 1647 687 1724 miserat,
721 1667 761 1710 ex
791 1646 907 1727 quibus
935 1667 1005 1712 oum
1028 1647 1071 1713 ad
1093 1637 1247 1715 mediam

92 1758 223 1818 noctem
245 1772 285 1816 ne
308 1770 390 1815 unus
413 1751 541 1833 quidem
564 1749 722 1830 rediisset,
748 1769 806 1814 rex
829 1749 912 1813 euris
928 1757 1072 1832 venatus,
1096 1751 1231 1832 inscius,

92 1875 179 1938 quae
203 1862 235 1920 et
256 1855 413 1938 quomodo
436 1861 567 1939 peraeta
590 1858 708 1934 essent,
738 1852 779 1917 de
802 1854 923 1918 seelere
946 1852 1092 1920 dubitare
1115 1857 1228 1941 eoepit.

89 1956 175 2024 haee
204 1959 301 2042 plane
327 1964 485 2042 apparent
507 1979 547 2023 en
569 1956 676 2023 verbis
699 1977 781 2039 quae
804 1962 991 2038 sequuntur.
1038 1979 1232 2042 quamquam

89 2060 194 2146 igitur
216 2081 267 2126 res
289 2061 354 2126 iarn
383 2062 523 2147 pessime
545 2067 636 2145 gesta
659 2066 717 2142 est,
745 2066 851 2124 tamen
871 2061 1029 2141 Eteocles,
1056 2081 1128 2126 oum
1150 2063 1233 2128 nihil

90 2163 216 2231 habeat
237 2166 416 2248 cognitum,
449 2163 555 2230 adhue
580 2166 685 2230 seclus
715 2184 777 2229 non
806 2163 1041 2246 patravisse
1069 2164 1127 2229 sed
1160 2187 1233 2250 pa-

90 2269 257 2333 ravisse
295 2267 359 2334 dici
396 2274 512 2353 potest.
581 2288 685 2351 neque
722 2266 907 2350 quiequam,
948 2267 1117 2348 quominus
1154 2270 1233 2335 scri-

92 2371 210 2437 bamus
227 2372 350 2456 parati,
376 2370 532 2456 prohibet.
584 2391 627 2436 an
656 2370 849 2456 supplicium
879 2371 1010 2437 sceleris
1032 2372 1137 2456 parati
1159 2374 1232 2439 nul-

93 2476 161 2541 lum
185 2482 256 2542 estt
292 2496 389 2558 quam
412 2476 450 2541 ob
473 2496 550 2557 rem,
579 2475 606 2540 si
629 2493 758 2540 sensum
780 2473 981 2560 respicimus,
1005 2476 1136 2541 verbum
1159 2497 1232 2562 pa-

93 2579 216 2644 randi
245 2580 448 2665 aptissimum
479 2585 528 2644 est
556 2583 652 2662 atque
681 2598 799 2660 genere
827 2577 970 2662 dicendi,
1006 2598 1077 2644 oum
1099 2581 1230 2646 verbum

95 2681 244 2768 patrandi
266 2704 329 2749 non
357 2683 450 2748 modo
473 2682 506 2746 in
529 2682 624 2747 Statii
647 2682 705 2746 sed
726 2701 766 2746 ne
787 2681 821 2745 in
844 2681 942 2747 ullius
965 2682 1094 2763 quidem
1117 2690 1231 2768 poetae

95 2786 246 2872 dactylici
268 2787 460 2852 carminibus
482 2793 610 2871 praeter
623 2785 762 2851 Lucretii
785 2790 817 2851 et
839 2784 1011 2851 Claudiani
1033 2792 1160 2853 exstare
1182 2788 1231 2854 vi-

96 2889 217 2973 deatur,
243 2890 383 2956 maxime
406 2890 655 2957 commendatur.

165 3147 221 3218 111,
240 3147 295 3204 782
313 3148 405 3220 qlt'scis
420 3167 532 3223 reparare
550 3150 678 3221 saperdas

88 3254 155 3336 .(ita
176 3253 265 3337 BM);
298 3255 434 3320 Mueller
461 3255 630 3321 lectionem
654 3255 772 3322 eodiois
796 3256 821 3320 P
846 3254 954 3340 pestis,
992 3276 1087 3338 quam
1119 3258 1233 3344 recipit

96 3356 127 3420 in
150 3362 284 3439 textum,
310 3364 417 3423 tuetur
438 3358 498 3424 hoo
521 3358 628 3424 modo:
656 3359 777 3444 »plr'scc's
792 3360 861 3440 ΒΜ,
882 3361 965 3443 qaod
979 3362 1104 3423 cerdera
1121 3384 1230 3445 qaam-

97 3482 188 3543 qaam
217 3461 296 3525 alibi
324 3484 442 3547 qaoque
471 3465 559 3545 apud
578 3463 716 3526 Statium
739 3463 851 3544 (Theb.
886 3465 978 3527 VIII
985 3513 990 3543 ‚
1018 3468 1091 3528 755.
1142 3469 1225 3549 XII,

96 3567 171 3647 639)
195 3566 363 3629 exaltandi
383 3568 432 3630 ecl
452 3566 605 3649 pestr'oadc'
624 3566 879 3649 siprrpicatc'oacac
902 3567 1003 3644 habet,
1039 3575 1141 3631 taraco
1172 3570 1230 3634 hoc

98 3668 161 3732 loco
191 3669 328 3752 recimere
358 3669 515 3749 dubitaui,
556 3669 700 3753 quereiam
729 3670 762 3732 r'a
785 3669 881 3732 actico
910 3671 1048 3733 c'aactuac
1078 3695 1231 3758 acceperam

97 3773 282 3854 reparatae«
305 3773 410 3838 sedet
426 3773 614 3857 saepissime
636 3773 688 3838 hie
709 3780 804 3858 poeta
826 3774 859 3836 in
882 3774 986 3837 ventris
1010 3778 1232 3844 construendis

98 3874 137 3940 de
166 3875 301 3940 aliorum
331 3882 496 3960 poetarum
527 3876 581 3942 via
611 3877 737 3942 decedit
767 3883 798 3941 et
828 3877 973 3940 infinitivi
1004 3879 1140 3960 {tenendi
1164 3888 1231 3946 stu-

101 3978 188 4044 dium
211 3978 372 4061 quoddam
402 3987 497 4063 atque
520 3981 689 4046 audaciam
713 3981 753 4045 ab
777 4000 813 4045 eo
836 4002 898 4045 non
921 3981 1060 4046 alienam
1084 4002 1155 4051 esse
1180 3986 1230 4051 his

97 4081 228 4149 docetur
251 4084 427 4168 exemplis:

165 4203 252 4258 Theb.
267 4204 318 4267 XI,
333 4206 380 4256 46:
404 4211 466 4257 trae
484 4211 584 4258 trraerct
603 4205 634 4257 ad
654 4205 734 4258 astris
754 4247 759 4256 .
777 4247 781 4256 .
800 4248 805 4257 .
827 4210 851 4258 ct
868 4205 968 4259 sinales
1184 4230 1232 4279 que

99 4289 188 4343 videre
203 4290 356 4359 pharetras.
395 4290 483 4347 Theb.
504 4292 554 4354 IV,
576 4292 638 4341 714:
669 4291 714 4343 ille
732 4292 787 4344 alta
801 4310 854 4360 per·
872 4292 934 4346 aeia
