2798 4830
421 1253 700 1334 APPENDIX
736 1255 967 1335 carrion.

215 1610 304 1687 Quae
328 1611 406 1675 ratio
428 1611 606 1676 intercedat
627 1612 709 1676 inter
725 1612 860 1677 Statium
877 1631 994 1694 eosque
1017 1631 1098 1693 quos
1120 1612 1269 1677 imitatus

128 1721 177 1779 est
193 1720 225 1778 et
239 1714 344 1797 qualis
368 1714 409 1778 sit
432 1714 511 1779 haee
539 1715 684 1796 imitatio,
710 1715 774 1779 iam
798 1715 947 1780 vidimus.
975 1715 1059 1780 unde
1082 1715 1270 1799 proficimus

130 1825 164 1883 ut
185 1818 361 1883 habeamus
384 1837 447 1900 quo
469 1839 694 1901 nonnunquam
717 1820 790 1904 ipsa
812 1819 906 1884 Statii
929 1821 1027 1885 verba
1048 1819 1082 1884 in
1104 1819 1268 1902 integrum

127 1921 343 1987 restituamus.
391 1942 467 1986 nam
489 1923 703 2006 comparando
731 1943 802 1987 curn
825 1923 998 2006 exemplis,
1032 1943 1116 2005 quae
1139 1923 1264 2007 habuit,

127 2045 198 2089 cum
222 2025 339 2109 optime
361 2030 488 2108 poetam
511 2026 616 2109 qualis
640 2027 680 2091 sit
703 2045 944 2109 cognoscamus,
971 2026 1053 2091 ratio
1069 2027 1268 2092 emendandi

128 2135 215 2193 certa
237 2129 314 2193 data
336 2136 394 2212 est,
421 2136 517 2211 atque
540 2130 700 2195 interdum
723 2128 767 2210 fit,
794 2137 843 2209 ut,
870 2130 897 2194 si
919 2131 1097 2196 imitatione
1119 2137 1189 2196 arte
1212 2152 1268 2196 co-

129 2231 277 2314 haerent,
315 2232 395 2296 alios
429 2233 515 2298 locos
549 2233 622 2298 aliis
657 2234 815 2316 corrigere
851 2234 1024 2317 possimus.
1071 2236 1154 2299 haec
1189 2255 1266 2300 vero

129 2335 250 2400 auxilia
266 2341 298 2399 et
313 2355 386 2400 rara
402 2343 477 2401 sunt
499 2342 531 2401 et
546 2356 670 2402 summa
685 2337 856 2420 prudentie
871 2337 1066 2402 adhibenda.
1092 2357 1165 2402 cum
1180 2338 1266 2402 enim

129 2439 217 2504 nullo
240 2439 307 2503 fere
330 2440 399 2503 loco
422 2439 533 2505 autin
555 2439 698 2504 oratione
721 2447 777 2505 aut
798 2440 832 2506 in
855 2439 1022 2505 sententiis
1052 2446 1109 2504 aut
1137 2440 1211 2505 aliis
1232 2441 1265 2505 in

129 2543 224 2607 rebus
247 2542 403 2626 exemplis
425 2549 524 2607 totum
548 2561 583 2607 se
606 2542 730 2608 dederit
757 2544 894 2625 Statius,
929 2543 987 2607 sed
1014 2543 1204 2628 plerumque
1232 2544 1266 2608 in

130 2646 182 2728 iis,
209 2666 290 2728 quae
306 2646 512 2731 deprompsit,
531 2648 614 2711 ultra
629 2666 684 2713 eos
700 2667 780 2730 quos
796 2653 924 2712 secutus
940 2653 989 2712 est
1004 2647 1205 2731 processerit,
1225 2647 1267 2712 ad

130 2770 232 2831 eaque
261 2749 311 2813 sui
340 2750 462 2832 ingenii
486 2757 518 2815 et
550 2750 682 2816 audacis
711 2751 839 2817 dicendi
868 2751 997 2834 generis
1027 2751 1150 2833 aliquid
1171 2751 1266 2816 addi-

132 2852 224 2934 derit,
250 2873 301 2934 ne,
328 2873 411 2934 quae
441 2853 569 2937 propria
599 2860 672 2918 sunt
694 2855 799 2935 Statii,
826 2853 983 2938 exemplis
1000 2853 1142 2918 ‘adducti
1165 2853 1265 2918 corri-

131 2956 237 3038 gendo
260 2975 480 3040 removeamus
504 2958 682 3023 cavendum
704 2965 763 3023 est.

217 3058 283 3124 Sed
308 3059 492 3143 priusquam
509 3061 718 3142 coniecturas,
745 3081 824 3143 quas
841 3061 964 3143 aliquid
978 3060 1178 3144 profecturas
1194 3079 1265 3126 esse

132 3183 224 3248 spero
237 3163 279 3228 ad
286 3164 455 3229 Thebaida
470 3165 712 3247 restituendam,
725 3164 894 3249 proferam,
911 3165 950 3230 de
964 3164 1127 3229 codicibus
1139 3185 1266 3230 eorum-

132 3289 194 3356 que
227 3268 366 3351 ratione,
405 3288 501 3350 quarn
529 3269 664 3334 Mueller
696 3268 730 3334 in
764 3268 902 3334 editione
931 3268 1118 3334 Thebaidos
1146 3268 1265 3352 optime

130 3371 313 3452 illustravit,
339 3392 443 3455 pauca
465 3372 679 3456 praemittam.

216 3475 249 3539 Is
276 3474 308 3538 in
336 3474 534 3558 praefatione
564 3476 715 3560 exposuit
743 3477 824 3542 duas
847 3475 1029 3541 Thebaidos
1059 3475 1263 3541 recensiones

129 3578 193 3642 iam
216 3584 290 3642 ante
314 3578 506 3643 scholiastae
528 3586 672 3663 tempora
695 3579 857 3645 exstitisse
873 3579 955 3643 inter
978 3599 1013 3643 se
1031 3579 1260 3662 discrepantes,

129 3701 208 3764 quas
231 3680 359 3765 quidem
382 3682 495 3746 litteris
517 3704 538 3746 x
561 3689 593 3748 et
614 3706 637 3768 y
659 3682 887 3765 significamus.

214 3786 356 3849 Alterius
388 3785 515 3868 generis
551 3788 589 3870 (x)
624 3786 765 3868 effigiem
798 3786 930 3868 praebet
963 3785 1064 3850 codex
1097 3785 1260 3850 Puteanus

130 3890 198 3954 sive
221 3889 428 3970 Parisiensis,
462 3909 556 3970 quem
580 3889 703 3955 decimo
727 3890 855 3953 saeculo
879 3890 1045 3974 scriptum,
1072 3889 1157 3972 quod
1179 3889 1264 3974 prior

130 3993 209 4057 haec
237 3991 421 4057 Thebaidos
465 3993 608 4058 recensio
638 3991 731 4056 Statii
761 3992 954 4058 scholiastae
978 3993 1141 4076 incognita
1170 3992 1266 4058 fuerit

129 4116 188 4161 nec
217 4095 314 4159 medii
339 4095 410 4160 aevi
440 4096 640 4160 scholasticis
663 4101 729 4160 tota
756 4096 909 4178 patuerit,
943 4115 1067 4160 summa
1096 4096 1160 4160 fide
1191 4115 1261 4161 esse

130 4205 254 4264 constat
276 4199 447 4282 Muellero;
474 4207 563 4265 notat
585 4219 657 4264 eum
681 4199 788 4263 littera
810 4199 846 4262 P.
