2798 4830
202 297 262 361 rer
444 300 446 305 ·
639 266 987 375 --pcrr'—¹

202 483 342 550 bendum
365 501 437 548 esse
461 503 587 548 censeo.
613 482 707 550 affert
729 483 857 566 quidem
880 482 924 549 ad
946 483 1098 550 tuendam
1116 481 1264 550 codicum
1278 482 1361 549 leof

203 588 320 655 tionem
345 586 522 653 Gronovius
544 587 666 652 locum:
737 663 741 670 ἱ
1244 615 1247 621 ·
1378 587 1383 596 '

271 709 360 764 Theb.
382 710 431 774 vl,
453 711 518 763 576:
543 714 605 762 tunc
623 709 762 762 Palladios
780 725 833 761 aon
852 708 951 762 inscius
968 708 1077 762 haustus
1095 707 1226 776 incubuit,

206 814 264 879 sed
287 812 357 895 hoc,
391 820 462 878 cum
486 832 601 878 sensus
625 831 754 897 prorsus
777 812 861 877 alius
884 812 926 878 sit
948 817 980 878 et
1002 812 1142 876 incubuit
1164 813 1244 879 satis
1267 815 1347 880 mire

208 917 326 983 dictum
350 917 407 1000 sit,
434 916 515 981 nihil
538 917 785 982 demonstratur.
816 937 920 1000 neque
936 937 974 982 co
996 916 1081 1000 quod
1104 917 1207 983 Theb.
1235 919 1277 1000 II,
1306 922 1343 982 91

209 1020 363 1104 tapetibus
385 1020 534 1104 legimus,
562 1020 675 1104 tapetis
699 1027 882 1105 suspectum
898 1019 1058 1089 redditur:
1084 1042 1159 1086 nam
1184 1021 1347 1104 Vergilius

205 1143 330 1209 quoquc
354 1130 385 1190 et
409 1123 521 1208 tapetis
549 1124 639 1207 (Aen.
658 1125 729 1207 VII,
749 1126 821 1209 277)
850 1130 881 1190 et
905 1122 1060 1208 tapetibus
1077 1124 1170 1209 (Aen.
1189 1126 1249 1210 IX,
1270 1127 1342 1211 325)

205 1227 296 1294 dixit.

276 1416 317 1488 X,
337 1415 413 1472 3622
433 1417 553 1471 concitem
572 1417 753 1487 circumspicit
771 1418 802 1470 ot
808 1417 851 1470 im
869 1437 942 1471 aracos
960 1418 1071 1471 baenilia
1090 1418 1163 1472 luctu

208 1524 242 1588 in
267 1521 439 1588 codicibus.

291 1628 397 1692 Verba
420 1626 498 1692 facit
519 1627 660 1710 Dymas,
697 1626 751 1709 qui
782 1628 823 1692 ab
845 1627 968 1711 Hoplco
992 1627 1094 1692 amico
1117 1645 1176 1691 suo
1200 1626 1347 1691 admoui-

206 1737 268 1810 tus,
294 1734 329 1795 ut
352 1732 460 1796 s'ecum
477 1751 609 1814 corpora
626 1729 729 1813 Tydei
745 1735 777 1796 et
792 1730 1026 1815 Parthenopaei
1053 1750 1165 1812 regum
1185 1729 1219 1794 in
1243 1737 1347 1796 castra

205 1840 391 1919 reportaret,
410 1834 496 1898 idem
513 1833 641 1917 quidem
658 1834 824 1900 consilium
840 1835 993 1901 habuisse
1009 1834 1066 1900 sed
1083 1833 1231 1899 comitem
1248 1854 1347 1916 quae-

209 1939 325 2005 sivisse
349 1957 383 2003 se
405 1937 554 2003 affirmat.
587 1938 669 2003 illud
691 1960 773 2000 coac
795 1939 894 2021 igitur
917 1939 949 2003 in
972 1938 1079 2004 uerbis
1094 1938 1150 2001 sect
1163 1959 1246 2002 acac.
1259 1937 1348 2020 p'rior

208 2043 257 2105 ibo
279 2044 318 2126 (v.
339 2043 409 2126 363)
431 2062 494 2106 non
509 2041 641 2125 respicit
662 2042 705 2107 ad
728 2043 767 2105 ot
773 2042 822 2104 im
838 2042 896 2107 sed
912 2041 953 2106 ad
969 2041 1160 2106 senteutiam
1176 2041 1327 2106 omissum
1337 2066 1345 2117 ;

207 2146 267 2210 hoc
297 2145 403 2211 dicore
437 2146 519 2211 vult:
554 2168 650 2226 acac,
694 2166 762 2210 cum
795 2145 873 2209 mihi
901 2145 943 2209 sit
965 2164 1085 2227 comes,
1122 2149 1157 2208 ut
1187 2150 1345 2228 praestem

207 2269 301 2332 quem
324 2249 427 2314 habeo
451 2249 613 2332 ardorem,
639 2249 724 2333 prior
746 2249 809 2314 ibo.
850 2269 946 2331 quam
971 2248 1101 2312 obrem
1124 2269 1197 2313 cum
1221 2247 1343 2314 verbis:

354 2353 495 2416 comitem
517 2353 726 2437 circumspicit
756 2353 829 2416 olim
851 2374 936 2415 meas
959 2352 1085 2415 homilis
1108 2353 1194 2415 luctu

211 2476 310 2522 causa
348 2457 561 2532 contineatur,
596 2477 651 2521 cur
680 2456 846 2521 consilium
882 2452 1022 2521 ndndum
1052 2455 1240 2540 perfecerit,
1274 2455 1346 2538 quid

212 2560 273 2625 sibi
303 2560 382 2625 velit
405 2560 479 2623 olim
502 2568 534 2625 et
557 2561 584 2624 si
605 2561 651 2624 ita
673 2560 789 2643 legitur
812 2578 1013 2643 praesens
1029 2566 1208 2644 tempus,
1228 2560 1342 2626 nescio.

213 2671 321 2728 contra
344 2664 371 2729 si
810 2752 816 2763 ⁸

713 2774 836 2814 omibbd

212 2870 431 2955 emendamus
464 2875 567 2937 locum
598 2894 812 2955 communem,
840 2874 891 2938 cui
919 2873 1119 2957 aptissimum
1147 2880 1197 2937 est
1226 2879 1349 2958 tempus

210 2993 374 3059 praesens,
400 2975 488 3040 haud
510 2977 595 3042 malo
617 2977 711 3041 affert
731 2977 866 3060 Dymae,
892 2998 954 3058 quo
977 2996 1097 3040 moram
1120 2981 1262 3041 excuset.

280 3216 336 3283 xl,
357 3216 429 3269 1752
448 3217 505 3269 cidi
515 3236 562 3287 opo
581 3236 621 3270 rrrc
636 3223 748 3288 proptor
765 3223 857 3287 ruptos
875 3218 981 3272 telluris
998 3219 1087 3271 lcictus

214 3318 331 3401 legitur
352 3319 386 3383 in
402 3319 529 3402 optimis
545 3321 718 3399 codicibus,
737 3343 840 3405 neque
856 3322 960 3403 video,
981 3342 1036 3386 cur
1050 3321 1296 3405 praeferendum
1314 3322 1352 3386 sit

213 3430 346 3508 epoarct,
382 3422 469 3505 quod
498 3445 538 3488 ex
569 3426 732 3490 nonnullis
758 3432 947 3511 receperunt
984 3424 1134 3490 editores.
1189 3446 1264 3489 nam
1300 3447 1352 3488 arc

212 3534 386 3609 propter
408 3527 571 3592 desiderat
594 3548 708 3594 sensus
730 3549 852 3611 neque,
885 3549 955 3593 cum
985 3534 1153 3612 propter
1182 3548 1281 3612 saepe
1309 3529 1353 3593 ita

211 3631 392 3707 collocetur,
433 3641 477 3706 (cf.
497 3643 622 3707 Lucrl,
654 3645 717 3696 316:
734 3649 830 3713 portos
847 3647 967 3710 proptor.
996 3671 1029 3678 -
1054 3639 1145 3694 Tacit.
1167 3655 1193 3692 a.
1214 3641 1278 3705 XV,
1300 3644 1347 3695 47:

213 3737 284 3789 oium
301 3740 413 3804 proptor
431 3739 520 3785 arctos.
541 3761 574 3768 -
604 3725 673 3784 Acc.
694 3746 737 3798 ap.
760 3730 831 3783 Non.
852 3745 879 3797 p.
896 3727 955 3792 417,
980 3729 1025 3781 12:
1047 3733 1071 3780 tc
1085 3733 1207 3796 proptor.
1227 3759 1262 3766 -
1292 3729 1350 3784 Cic.

214 3821 276 3877 Ate.
301 3825 340 3885 10,
361 3824 391 3873 4:
413 3838 476 3889 quos
490 3824 610 3888 propter.
631 3846 664 3854 -
683 3816 740 3871 cio.
762 3815 818 3869 Pis.
840 3819 864 3877 7,
889 3817 933 3866 15:
956 3833 1031 3884 quem
1044 3819 1168 3884 proptor.
1185 3845 1220 3854 —
1238 3817 1304 3871 Tac.
1326 3835 1351 3872 c.

212 3919 262 3983 IV,
282 3920 331 3970 48:
357 3917 456 3970 bostem
479 3920 600 3985 propter.
620 3943 655 3952 -
682 3912 753 3966 Plin.
774 3914 816 3976 X,
837 3914 884 3965 40:
914 3928 1005 3964 sucum
1024 3912 1146 3980 proptor)
1174 3904 1355 3990 improbant

217 4012 427 4098 grammatici.

309 4119 465 4200 Corrupta
488 4122 593 4180 autem
617 4114 764 4180 videntur
787 4114 894 4195 verba,
914 4135 997 4196 quae
1014 4134 1123 4180 omnes
1143 4114 1271 4180 codices
1293 4123 1358 4180 tra-

230 4223 318 4307 dunt,
345 4229 454 4307 ruptos
478 4219 599 4284 telluris
622 4218 749 4284 dictos:
777 4238 854 4284 sane
877 4219 986 4303 rupti
1008 4225 1082 4284 sunt
1105 4239 1215 4286 omnes
1239 4219 1356 4287 hiatus.
