2798 4830
648 363 691 372 -
738 324 823 409 [156]
870 360 913 372 -

246 708 411 765 manifestus
446 709 475 762 in
511 706 621 774 agmine
651 719 755 771 supra

212 803 267 851 est
284 793 552 865 Amphitryoniades
571 792 606 856 V,
625 793 685 844 400.

250 984 299 1039 sed
317 999 371 1037 non
391 982 519 1037 sedato
536 979 754 1049 pectoreTy·

214 1072 283 1124 deus
296 1070 411 1125 subicit:
431 1083 515 1122 »anne
533 1069 631 1122 ducem
642 1066 676 1129 V,
692 1069 751 1117 071.

248 1259 361 1328 longum
385 1258 486 1329 quibus
508 1257 573 1311 hinc
596 1271 658 1325 per
675 1271 753 1309 sae-

215 1345 294 1398 cula
311 1360 431 1400 nomen
448 1344 483 1410 V,
505 1344 564 1396 747.

247 1464 264 1501 o
282 1449 364 1502 mihi
383 1448 533 1502 sollicitum
552 1446 639 1501 decus
657 1460 690 1499 ac
707 1460 755 1499 su-

213 1550 309 1603 prema
326 1534 495 1604 voluptas
513 1531 576 1597 VII,
597 1533 655 1583 363.

248 1620 487 1689 carbaseique
515 1620 632 1679 sinus,
661 1622 691 1671 et
708 1615 755 1670 fi-

213 1705 296 1759 hula
325 1705 447 1760 rasilis
477 1721 561 1760 auro
590 1703 756 1758 Taenariam

212 1789 311 1844 fulva
329 1791 513 1847 mordebat
531 1789 639 1859 iaspide
653 1791 756 1856 pallam

214 1876 279 1943 VII,
299 1878 358 1929 658.

249 2054 413 2120 quantum
440 2049 534 2104 subito
560 2049 688 2104 diversus
713 2049 755 2103 ab

214 2134 293 2201 illo,
314 2136 372 2205 qui
390 2135 453 2198 VH,
475 2138 534 2189 100.

249 2235 429 2291 caesoque
448 2220 590 2277 infamis
603 2220 755 2276 fratrePo-

214 2305 278 2360 lites
296 2307 360 2374 VII,
385 2311 444 2360 757.

248 2393 422 2464 obscuraque
440 2392 525 2450 fronti
544 2393 634 2450 vitta
651 2399 755 2460 manet,

214 2495 401 2550 ramumque
426 2486 503 2536 tenet
520 2481 662 2537 morientis
686 2481 757 2535 oli·

216 2581 279 2620 vae
296 2566 374 2632 VIII,
395 2569 437 2620 88.

249 2667 267 2706 o
289 2652 386 2721 primis
417 2667 487 2722 puer
518 2653 647 2710 inclite
674 2654 758 2710 bellis

215 2735 305 2792 Arcas
323 2737 407 2803 VIII,
427 2741 477 2791 ’144
496 2743 543 2804 (sc.
559 2740 756 2796 Partheno-

213 2835 345 2891 paeon.

249 2924 359 2978 genua
391 2926 497 2980 aegra
526 2912 673 2968 trahens
703 2911 755 2976 IX,

214 2997 257 3048 43.

250 3097 302 3136 000
320 3088 348 3137 ῖο
370 3098 457 3152 gens
483 3098 612 3153 aspera
629 3085 687 3140 ritu
705 3084 757 3149 IX,

217 3169 276 3220 010.

251 3254 363 3323 prosilit
379 3256 408 3309 in
426 3255 542 3316 medios,
566 3256 629 3312 visu
648 3256 759 3310 auditu-

218 3354 272 3410 que
311 3341 472 3396 tremendus
504 3342 758 3412 impatiensque

217 3425 288 3485 dei,
309 3424 401 3496 fragili
419 3443 501 3498 quem
515 3432 606 3483 mente
618 3434 758 3496 receptum

113 3517 115 3521 ’
216 3528 272 3566 000
294 3514 384 3582 capit:
416 3515 559 3570 exundant
579 3515 685 3569 stimuli
706 3531 759 3570 nu-

216 3599 324 3669 dusque
342 3615 392 3669 per
409 3616 468 3654 ora
485 3606 543 3655 stat
556 3599 632 3656 furor
643 3601 679 3668 X,
699 3603 757 3654 104.

251 3773 384 3840 gaudet
410 3772 439 3825 in
463 3773 589 3828 adversis
611 3774 758 3844 animoque

217 3859 341 3927 assurgit
358 3857 497 3914 Adrastus
515 3859 551 3926 X,
573 3862 633 3914 227.

805 530 875 571 vens
893 513 1006 568 aciem
1024 511 1194 579 maculisque
1207 508 1347 563 trementis

806 599 964 656 interfusa
981 614 1089 668 genas
1107 596 1159 661 IV,
1179 597 1238 647 042.

842 710 871 759 et
894 708 954 758 toto
975 702 1080 758 vertice
1099 714 1204 767 supra
1222 703 1276 753 est
1300 696 1345 758 XI,

809 792 868 845 683.
882 790 993 844 Turnus
1062 791 1122 840 toto
1129 786 1237 842 vertice
1249 799 1346 851 supra

808 884 864 932 est
882 875 945 941 Vll,
966 877 1024 927 783.

841 980 966 1034 sedato
989 982 1133 1048 pectore
1161 975 1273 1029 Turnus
1296 972 1349 1025 »in-

806 1069 866 1138 cipe
878 1066 929 1132 lx,
945 1068 1004 1117 140.
1025 1065 1073 1118 0111
1092 1063 1221 1116 sedato
1235 1075 1347 1128 respon-

806 1153 849 1209 dit
866 1153 948 1208 corde
967 1152 1084 1207 Latinus
1102 1148 1169 1213 ΧΠ,
1191 1150 1231 1199 10.

840 1263 1039 1324 aeternumque
1069 1259 1147 1307 tenet
1175 1267 1237 1320 per
1272 1263 1348 1302 sae·

807 1344 887 1398 cula
905 1358 1029 1398 nomen
1046 1340 1096 1404 VI,
1116 1340 1175 1389 235.

842 1462 905 1502 care
929 1462 1012 1515 puer,
1043 1458 1117 1497 mea
1147 1456 1210 1494 sera
1236 1443 1266 1493 et
1293 1437 1350 1491 sola

809 1534 978 1602 voluptas
996 1529 1078 1594 VIII,
1099 1530 1158 1580 501.

842 1619 1011 1686 sInusque
1049 1613 1188 1683 crepantIs
1224 1609 1348 1664 carba·

808 1719 889 1759 scos
907 1702 1008 1759 fulvo
1031 1703 1061 1756 in
1078 1701 1181 1754 nodum
1199 1697 1350 1763 collegerat

807 1806 893 1845 auro
922 1789 979 1854 XI,
1014 1790 1074 1840 115.
1126 1783 1251 1840 rasilis
1287 1781 1350 1835 hnic

808 1892 942 1933 summam
959 1873 1146 1929 mordebat
1164 1869 1282 1925 fibula
1301 1882 1349 1921 ve-

807 1968 878 2019 stem
895 1978 932 2015 m.
951 1959 1029 2023 VIII,
1051 1962 1110 2012 318.

842 2053 1008 2119 quantum
1052 2048 1176 2101 mutatus
1211 2040 1252 2096 ab
1287 2039 1348 2092 illo

806 2137 936 2200 Hectore,
957 2133 1015 2204 qui
1032 2131 1070 2195 II,
1090 2132 1150 2182 274.

841 2208 1349 2290 caesogenitoreinsamisdgyr-

808 2315 851 2363 tes
869 2324 905 2361 m.
925 2307 961 2373 V,
979 2308 1038 2359 148.

842 2394 934 2449 induit
956 2393 1036 2449 albos
1058 2407 1120 2446 oum
1144 2388 1238 2442 vitta
1257 2384 1346 2447 crinis,

809 2487 867 2536 tum
885 2495 1010 2535 ramum
1022 2474 1141 2531 innectit
1152 2473 1274 2529 olivae
1286 2469 1346 2533 VII,

808 2570 869 2623 Ili.

844 2654 890 2709 hic
912 2653 1071 2709 inclutus
1094 2649 1178 2706 armis
1202 2645 1350 2703 Parthe-

810 2741 1008 2810 nopaeus²⁷l
1030 2737 1080 2803 VI,
1100 2740 1160 2789 400.

843 2927 956 2983 genua
974 2926 1078 2980 aegra
1096 2908 1296 2964 trahentem
1314 2903 1348 2966 V,

808 3000 869 3052 468.

843 3099 929 3154 gens
947 3084 1113 3152 durantque
1131 3096 1258 3149 aspera
1275 3078 1350 3135 cultu

809 3170 844 3236 V,
865 3173 924 3223 130.

844 3256 900 3320 Δῖ,
938 3255 1073 3311 Phoebi
1113 3254 1252 3309 nondum
1290 3268 1350 3320 pa-

811 3343 837 3398 ti
845 3358 905 3399 ens
924 3343 1051 3396 immanis
1065 3343 1093 3395 ln
1105 3347 1186 3395 antro
1198 3339 1350 3395 bacchatur

810 3436 900 3496 vates,
929 3444 1059 3498 magnum
1083 3428 1107 3482 si
1131 3432 1243 3497 pectore
1261 3425 1351 3495 possit

810 3516 968 3571 excussisse
987 3516 1080 3570 deum:
1101 3519 1181 3570 tanto
1199 3512 1288 3580 magis
1304 3511 1351 3564 ille

810 3599 912 3672 fatigat
929 3617 966 3657 00
983 3601 1120 3668 rabidum,
1137 3597 1197 3654 iera
1208 3598 1293 3652 corda
1305 3597 1353 3649 do-

810 3705 889 3743 mans
906 3689 956 3754 VI,
977 3691 1019 3742 77.

845 3775 890 3830 hic
928 3775 1018 3843 patris
1046 3771 1160 3829 Aeneae
1190 3784 1352 3839 suspensam

809 3860 912 3916 blanda
929 3861 1055 3916 vicissim
1072 3859 1205 3930 gaudia
1217 3864 1354 3928 pertemp-

810 3950 872 4001 tant
888 3952 1009 4003 mentem
1028 3946 1062 4013 V,
1084 3946 1178 4010 828081

287 4187 318 4253 ²⁷)
338 4185 567 4256 Parthenopaeus
585 4187 614 4240 in
632 4185 759 4243 Aeneide
777 4188 851 4254 apud
869 4188 981 4245 inferos.

287 4257 320 4322 ²⁸)
341 4256 452 4326 utrique
470 4256 534 4311 duci
552 4253 658 4311 afflicto
676 4257 785 4311 animus
802 4257 885 4312 redit.
