2798 4830
207 335 266 397 rao
638 373 678 381 -
727 336 811 418 (nau)
859 373 900 382 -

204 524 289 606 quod
311 525 511 607 plerumque,
538 523 745 605 factumest,
783 532 818 590 ut
839 525 904 590 vim
930 524 1232 590 substantivam
1260 544 1337 609 pau-

203 628 292 693 latim
316 627 570 711 adipiscerentur
592 626 763 694 adiectiva.

290 782 449 866 Sequitur,
473 791 508 849 ut
523 784 563 849 de
581 784 747 852 adiectivis
764 786 803 849 in
825 805 947 868 —ger
969 785 1127 850 disseram
1148 791 1246 866 atque
1261 803 1342 865 quae

205 887 332 972 propria
355 888 418 953 sint
440 889 606 971 utriusque
629 888 857 954 adiectivorum
881 888 1010 971 generis
1035 887 1249 972 comparando
1269 887 1344 951 illu-

208 997 315 1057 strem.

292 1095 434 1160 Plurima
464 1094 622 1161 adiectiva
650 1095 683 1160 in
706 1117 826 1180 —ger
849 1117 919 1161 earn
943 1096 1063 1163 habent
1085 1115 1155 1160 curn
1178 1092 1347 1158 adiectivis

206 1198 240 1282 in
270 1199 380 1264 -fer
410 1219 609 1264 communem
633 1199 910 1284 significationem,
946 1205 980 1264 ut
1002 1199 1069 1264 fere
1092 1198 1171 1262 nihil
1196 1196 1349 1262 differant

207 1303 248 1367 ab
278 1302 446 1367 adiectivis
475 1324 557 1386 quae
587 1324 684 1388 supra
711 1303 955 1368 commemoravi
984 1303 1027 1367 in'
1047 1308 1198 1367 -atus
1245 1319 1349 1382 neque

207 1405 267 1471 hoc
290 1407 403 1470 mirum
427 1413 490 1484 est,
522 1427 594 1471 nam
626 1413 661 1471 ut
689 1407 705 1469 f
709 1427 796 1472 erre
819 1407 865 1470 ita
887 1426 1030 1490 gerere
1054 1424 1152 1489 saepe
1174 1403 1263 1468 idem
1286 1408 1345 1482 est,

208 1499 292 1591 quod
314 1495 562 1576 instructum
587 1531 691 1576 esse:

276 1630 385 1698 aliger
406 1633 537 1695 (nentina,
558 1647 665 1700 agmen,
686 1630 793 1695 Amor).
815 1631 1014 1698 -armiger
1037 1632 1164 1698 (corpus).
1180 1657 1214 1666 —
1233 1627 1350 1682 astri·

208 1731 269 1783 ger
291 1720 376 1781 (axes,
407 1718 529 1783 coniux).
558 1749 592 1756 —
621 1717 767 1786 auriger
795 1720 921 1782 (taurus).
942 1747 976 1755 -
1000 1715 1173 1783 barbiger
1204 1714 1345 1783 (pecudes,

207 1803 348 1872 capellae).
369 1835 403 1841 —
428 1806 587 1874 claviger
607 1805 769 1870 (Hercules).
790 1834 821 1844 -
853 1804 1017 1872 corniger
1035 1806 1156 1868 (taurus,
1183 1802 1294 1866 cassis).
1314 1830 1348 1838 —

206 1889 350 1957 euuiger
371 1890 484 1956 (Orion).
509 1921 543 1928 --
573 1890 775 1959 flammiger
794 1891 907 1955 (Titan).
927 1921 960 1928 -
984 1888 1141 1957 fontigcr
1163 1891 1294 1953 (numen).
1315 1917 1348 1925 -

186 2025 187 2028 ,
207 1975 371 2043 lauriger
390 1975 546 2041 (Phoebus).
571 2007 605 2015 ·-
632 1977 766 2045 liniger
788 1978 935 2043 (iuvenca).
956 2006 989 2015 —
1014 1975 1189 2044 palmigcr
1211 1975 1345 2038 (Nemea).

208 2092 241 2098 —
259 2063 416 2131 pelliger
436 2064 641 2130 (clodovaeus).
655 2095 689 2102 -
707 2065 883 2132 penniger
896 2067 991 2132 (genus
1004 2061 1204 2127 animantium).
1217 2059 1348 2130 -pha-

207 2149 362 2216 retriger
380 2152 454 2215 (rex).
474 2181 509 2188 —
537 2151 724 2220 plantiger
746 2151 873 2220 (siliqua).
901 2181 935 2189 -
963 2149 1136 2218 plumiger
1157 2150 1296 2212 (anseres).
1316 2176 1349 2184 -

208 2235 408 2304 sagittiger
436 2237 543 2303 (subst.)
571 2267 605 2275 -
642 2237 840 2306 sceptriger
869 2236 983 2302 (Laius).
1009 2267 1044 2274 -
1074 2234 1349 2304 scytalosagit-

148 2312 151 2317 ’
208 2321 451 2389 tipelliger(=
471 2323 625 2390 Hercules).
646 2353 679 2361 -—
705 2324 892 2391 securiger
912 2325 1099 2392 (puellae).—-
1116 2322 1349 2390 serpentiger

209 2406 373 2475 (Gigantes).
394 2411 585 2477 —setiger
606 2413 680 2474 (sus).
702 2439 732 2447 —
753 2410 912 2478 silvigor
933 2412 1067 2476 (montes).
1088 2439 1122 2447 —
1147 2408 1349 2478 squamiger

201 2495 359 2558 ·(ccrvices;
381 2496 470 2550 subst.
496 2519 528 2540 =
553 2496 660 2563 piscis).
685 2527 719 2534 -
738 2497 870 2564 teliger
892 2495 1004 2563 (Amor).
1025 2526 1058 2536 —
1077 2495 1264 2565 thyrsiger
1283 2493 1347 2562 (Ly-

208 2584 296 2647 aeus).
315 2612 351 2620 -
368 2583 587 2651 tricorniger
607 2581 701 2646 (furca.
722 2582 815 2652 agitur
834 2583 869 2638 de
888 2584 983 2638 littera
1002 2585 1047 2648 ψ).
1069 2612 1102 2620 -
1129 2580 1349 2647 tridentiger

210 2667 384 2738 (Neptunus).
404 2699 440 2709 -
457 2670 616 2739 turriger
637 2672 752 2735 (urbes).
772 2699 804 2706 -
825 2670 984 2739 velliger
1004 2671 1046 2735 (=
1065 2667 1167 2733 Aries).
1187 2698 1223 2706 —
1247 2667 1345 2723 urui-

206 2773 265 2824 gcr
296 2760 384 2827 (puer;
419 2757 578 2826 germanice
597 2782 628 2804 =
647 2757 863 2822 Wasserrnann).
895 2757 1126 2826 -pinniger
1152 2759 1286 2825 (corpus),
1312 2783 1346 2791 —

207 2844 353 2912 piniger
377 2843 501 2909 (Simois,
518 2844 607 2899 Fauni
632 2847 737 2914 capnt).
756 2874 787 2884 ·—
817 2843 977 2912 criniger
996 2841 1111 2913 (anoi).
1138 2840 1346 2909 -floriger

209 2931 303 2993 (labor,
324 2931 477 2997 sedes).-
531 2951 538 2964 ·

293 3035 420 3100 Deinde
443 3035 525 3101 sicut
547 3034 580 3099 in
602 3033 668 3099 illis
690 3032 858 3098 adiectivis
881 3032 960 3115 fer,
993 3032 1026 3096 in
1056 3031 1106 3097 his
1129 3051 1200 3115 ger
1223 3029 1346 3114 signifi-

207 3145 274 3203 cat:
303 3138 517 3218 efficiens,
544 3144 580 3204 ut
598 3138 696 3204 verbo
718 3135 942 3219 afferendi,
969 3157 1009 3202 ex
1032 3156 1094 3219 quo
1118 3141 1186 3200 orta
1209 3133 1343 3201 esteffi-

207 3240 312 3307 ciendi
341 3242 441 3326 notio,
474 3240 707 3325 quodammodo
731 3239 924 3325 respondeat
945 3240 1077 3305 verbum
1100 3237 1341 3322 aggerendi.

209 3345 267 3411 sed
289 3345 354 3409 iam
377 3366 416 3410 ex
440 3345 578 3429 simplici
599 3346 696 3411 verbo
720 3351 808 3429 patet
829 3344 911 3409 haee
926 3343 992 3408 vis:

278 3447 396 3503 fraudi
404 3465 462 3517 ger
477 3450 638 3515 (suadelae).
652 3478 687 3489 -
701 3447 895 3516 honoriger
909 3451 983 3512 (uota
996 3445 1190 3515 virginitatis).
1204 3476 1239 3483 -
1253 3446 1345 3500 salu-

208 3535 301 3603 tiger
321 3535 462 3604 (luppiter,
484 3539 581 3600 ortus).
602 3567 637 3574 —
655 3535 839 3602 somniger
859 3538 971 3599 (cornua
989 3534 1106 3599 Lunae).
1120 3561 1153 3569 —
1167 3532 1346 3601 spumiger

211 3625 275 3687 (sus,
295 3621 371 3691 lupi).
392 3652 426 3660 -
444 3622 683 3690 triumphigcr
704 3621 809 3686 (bella).
831 3650 862 3658 —
881 3620 1022 3687 votigcr
1041 3617 1172 3684 (ferrum).
1192 3648 1227 3655 —
1250 3616 1347 3671 fami-

208 3723 266 3776 ger
287 3712 328 3774 (=
340 3709 474 3773 nuntius).

275 3796 386 3877 ·'Pum‚
414 3796 500 3878 quod
521 3795 555 3859 in
584 3793 711 3860 notione
740 3793 931 3879 portandi
964 3792 1063 3858 verba
1090 3790 1216 3856 ferendi
1229 3797 1269 3857 ‘et
1292 3811 1348 3874 ge-

209 3898 300 3964 rendi
326 3899 392 3964 fere
421 3898 637 3979 consentiunt,
682 3918 721 3963 ea
756 3898 872 3980 quibus
904 3903 953 3961 est
982 3895 1062 3961 haec
1095 3895 1181 3960 notio
1209 3894 1348 3961 verbalis

209 4003 369 4069 adieetiva
390 4002 525 4068 eandem
549 4002 671 4067 hab'ent
692 4001 972 4085 significationem:

277 4108 429 4176 armiger
449 4106 569 4172 (subet).
589 4134 623 4143 -
650 4105 811 4173 caeligor
831 4103 962 4169 (Atlans).
983 4100 1241 4169 -flammiger
1260 4100 1344 4165 (alos).

208 4221 242 4231 —
254 4194 406 4262 libriger
424 4193 542 4258 (subet).
557 4221 592 4230 -
604 4193 753 4259 naviger
769 4195 861 4258 (maro,
876 4191 949 4255 iter).
965 4218 995 4226 -
1007 4188 1197 4257 penatiger
1210 4185 1345 4251 (Aeneas).

208 4308 242 4317 —
260 4280 428 4349 plagiger
448 4281 559 4347 (genera
576 4277 738 4342 hominum).
759 4307 792 4316 —
811 4277 955 4343 veliger
975 4278 1077 4340 (maro).
1098 4305 1133 4312 —
1199 4296 1202 4300 ·
