2798 4830
498 337 540 346 -
588 297 672 381 [151]
718 334 763 346 -
1158 293 1195 355 er

59 673 61 677 ’
98 683 117 744 †
130 685 197 736 tune
209 678 308 748 aperit,
319 678 382 748 quis
395 676 519 732 fulmen
529 681 604 746 agat,

64 768 128 838 quis
147 767 268 821 sidera
280 765 365 819 ducat
377 763 501 833 spiritus,
516 763 606 818 unde

63 853 149 908 animi
171 851 273 916 fluviis,
296 866 367 920 quae
382 850 485 919 pabula
503 848 604 914 ventis,

64 956 120 1010 quo
138 938 215 994 fonte
237 939 400 993 immensum
419 936 500 991 vivat
519 949 603 998 mare,

63 1041 151 1097 quae
168 1026 216 1082 via
228 1025 321 1080 soles
334 1021 509 1093 praecipitet,
526 1035 606 1074 noo-

63 1119 130 1168 tem
158 1127 229 1183 quae
246 1111 384 1180 porrigat,
409 1112 501 1166 imane
523 1109 607 1165 tellus

63 1200 195 1266 v1‚aeo.

98 1838 117 1899 l
135 1841 165 1890 et
176 1835 276 1904 longi
293 1838 466 1906 suspendunt
477 1837 540 1891 ilia
552 1836 604 1891 fla-

66 1926 113 1976 tus
131 1920 180 1988 VI,
197 1923 258 1974 473.

98 2029 116 2089 Ι
129 2024 236 2093 proelia
254 2024 402 2081 villosis
420 2027 516 2082 ineunt
527 2044 603 2083 eom-

61 2111 193 2180 plexibus
211 2111 284 2165 ursi
301 2111 351 2173 VI,
372 2115 431 2166 869.

98 2217 176 2272 ouius
203 2217 371 2285 impingit
388 2215 483 2286 Tyriis
506 2216 603 2271 Danaa

62 2304 200 2372 agmina
217 2304 326 2358 muris
342 2301 406 2368 VII,
427 2304 468 2355 28.

97 2497 232 2547 terrarum
250 2492 369 2548 exuviae
390 2493 491 2547 oireum
515 2497 544 2547 et
561 2490 604 2547 fa·

62 2578 146 2647 stigio
164 2579 260 2648 templi
279 2583 405 2647 oaptae
432 2578 605 2646 insignibant

61 2669 169 2732 gentes,
196 2664 359 2733 caelataque
377 2662 449 2718 ferro
467 2662 603 2732 fragmina

61 2754 240 2819 portarum
264 2750 479 2818 bellatricesque
508 2750 601 2804 eari-

61 2851 138 2902 nae,
159 2840 188 2890 et
200 2837 281 2892 vacui
300 2851 418 2890 currus
431 2836 603 2905 protritaque

61 2922 224 2978 ourribus
241 2938 290 2977 ora
310 2923 376 2986 VII,
397 2927 439 2977 55.

94 3111 169 3166 unde
194 3109 369 3181 'pulvereo
399 3117 498 3168 stant
526 3120 602 3167 astra

60 3195 144 3264 globo
163 3196 227 3261 VII,
249 3199 306 3250 124.

96 3304 174 3353 stat
191 3300 270 3355 triste
289 3316 396 3371 pecus
414 3301 477 3365 VII,
498 3305 557 3354 437.

95 3490 142 3558 qui
160 3488 327 3544 fulminis
354 3491 433 3558 ignes
457 3489 603 3546 infestum-

62 3591 116 3645 que
139 3575 255 3631 Iovem
279 3577 397 3645 clipeo
416 3577 539 3632 fumante
557 3594 602 3632 re-

60 3662 147 3730 pellat
164 3661 242 3728 VIII,
263 3666 305 3714 te.

94 3763 252 3834 frustraque
275 3781 397 3835 manus
424 3782 496 3821 eum
514 3783 601 3823 roae

61 3851 203 3905 tetendi
221 3850 300 3916 VIII,
322 3853 379 3904 145.

94 3952 321 4025 dextramque
334 3955 370 4008 ad
383 3957 516 4012 moenia
529 3962 602 4012 ten-

60 4039 146 4095 dens
164 4039 229 4104 XII,
250 4043 309 4094 255.

94 4133 358 4196 coronatumque
386 4144 490 4181 merum
521 4129 598 4195 VIII,

61 4212 119 4263 225.

657 490 807 543 resonat
823 485 932 554 magnis
949 483 1130 553 plangoribus
1145 453 1199 539 fae-

657 572 719 628 ther
736 571 785 640 IV,
806 574 855 624 667
859 612 866 625 .

692 676 737 731 hie
766 676 841 730 eanit
865 679 1004 730 errantem
1027 675 1121 730 lunam
1143 690 1200 729 so-

658 763 779 833 lisque
797 762 921 831 labores,
941 762 1032 817 unde
1060 760 1200 817 hominum

657 865 745 918 genus
763 854 792 904 et
808 851 943 920 pecudes,
969 849 1043 903 unde
1065 847 1155 903 imber
1171 852 1201 902 et

657 936 737 1004 ignes
745 976 843 1002 .....
864 936 931 1007 quid
958 940 1066 992 tantum
1088 933 1199 990 Ooeano

657 1028 808 1092 properent
829 1037 859 1079 se
883 1024 1011 1092 tinguere
1034 1021 1132 1076 soles
1154 1018 1198 1075 hi-

658 1110 753 1174 berni,
793 1110 838 1164 vel
877 1125 966 1178 qnae
996 1108 1084 1163 tardis
1120 1122 1199 1161 mora

659 1196 825 1251 noetibus
843 1197 939 1253 obstet
955 1195 979 1263 I,
999 1197 1057 1248 742.

691 1299 759 1369 quid
781 1301 861 1364 deus,
892 1303 978 1357 unde
1002 1301 1096 1362 nives,
1125 1316 1196 1371 quae

656 1386 820 1443 fulminis
844 1393 920 1442 esset
942 1388 1036 1456 origo,
1071 1387 1197 1456 Iuppiter

655 1490 692 1529 an
709 1475 808 1529 venti
827 1474 952 1529 discussa
969 1473 1043 1529 nube
1056 1480 1194 1538 tonarent,

654 1561 722 1628 quid
739 1566 867 1631 quateret
885 1565 984 1625 terras,
1006 1576 1062 1630 qua
1080 1560 1196 1614 sidera

656 1646 718 1714 lege
736 1651 868 1712 mearent,
888 1652 917 1701 et
931 1648 1113 1718 quodeunque
1127 1647 1197 1701 latet

656 1750 691 1786 m.
707 1733 770 1796 XV,
791 1735 832 1786 69.

690 1837 799 1906 imaque
836 1838 941 1906 longo
977 1838 1043 1891 ilia
1072 1837 1196 1905 singultu

656 1925 774 1978 tendunt
792 1941 818 1992 g.
839 1922 890 1989 III,
911 1927 969 1976 506.

690 2027 841 2083 villosis
874 2027 994 2096 pellibus
1025 2042 1126 2081 ursae
1156 2042 1192 2079 m.

656 2113 720 2176 XII,
742 2116 801 2167 319.

688 2233 751 2270 oum
774 2217 861 2271 Troia
885 2215 1010 2272 Achilles
1037 2217 1195 2271 exanimata

653 2318 773 2377 sequens
802 2304 1019 2373 impingeret
1057 2303 1195 2372 agmina

653 2389 760 2443 muris
778 2389 814 2454 V,
835 2391 893 2442 804.

689 2491 830 2562 multaque
864 2499 1011 2563 praeterea
1045 2493 1133 2549 saeris
1168 2493 1197 2545 in
1284 2562 1290 2571 ἢ

654 2577 783 2644 postibus
800 2595 892 2645 arma,
920 2580 1055 2649 eaptivi
1073 2579 1197 2648 pendent

654 2679 779 2718 ourrus
797 2680 955 2735 onrvaeqne
973 2681 1083 2720 secures
1102 2669 1131 2719 et
1143 2665 1197 2718 ori-

655 2756 715 2804 stae
727 2752 848 2820 capitum
862 2757 890 2804 et
902 2758 1079 2821 portarum
1097 2751 1195 2819 ingen-

654 2837 695 2891 tia
718 2839 839 2892 claustra
868 2837 1031 2907 spieulaque
1057 2837 1195 2908 clipeique

653 2926 804 2991 ereptaque
839 2928 929 2977 rostra
965 2925 1101 2978 earinis
1129 2925 1193 2988 VII,

657 3008 713 3059 183.

688 3110 743 3164 iam
776 3111 924 3180 pulvere
956 3115 1063 3170 eaelum
1099 3122 1194 3171 stare

654 3195 751 3251 vident
768 3196 832 3262 XII,
853 3200 912 3251 llil.

689 3305 763 3354 stat
792 3317 898 3369 peens
927 3319 1007 3357 omne
1033 3310 1109 3358 metu
1133 3320 1193 3358 mu-

654 3390 712 3440 tum
730 3386 794 3453 XII,
816 3390 875 3440 718.

688 3489 787 3544 Iovis
822 3507 885 3545 oum
919 3491 1069 3548 fulmina
1097 3499 1194 3549 eontra

654 3580 696 3629 tot
708 3578 823 3646 paribus
840 3584 978 3647 streperet
995 3579 1138 3648 clupeis
1156 3582 1191 3646 X,

654 3665 713 3717 567.

688 3775 717 3823 et
738 3770 817 3824 eaelo
846 3770 981 3839 palmas
1009 3787 1082 3826 oum
1109 3791 1193 3830 vooe

653 3856 812 3910 tetendit
830 3856 871 3921 ΙΙ,
893 3858 951 3909 ess.

689 3959 852 4012 dextram
876 3961 928 4014 sub
956 3963 1093 4015 moenia
1122 3968 1192 4016 ten-

654 4044 706 4097 dit
724 4045 788 4110 XII,
810 4048 868 4098 579.

687 4136 716 4186 et
734 4132 798 4186 vina
817 4139 988 4187 ooronant
1005 4134 1027 4197 Ι,
1049 4138 1106 4187 724.

1012 4202 1278 4520 Δ..
