2798 4830
544 840 645 920 LIB.
670 839 739 921 IV.

177 1068 236 1157 llll
262 1065 588 1160 DESCRIPTIONE
614 1068 771 1160 RERUM
796 1067 1106 1175 HOMlNllllQUli.

573 1430 663 1525 Cap.
691 1431 721 1500 Ι.

165 1631 182 1714 ξ
208 1635 236 1695 1.
290 1632 497 1714 Argumentis
526 1632 655 1698 uberius
683 1632 837 1716 expositIs
865 1631 1054 1716 progredior
1082 1633 1125 1698 ad
1158 1651 1214 1698 eas

78 1753 141 1817 res,
167 1735 284 1816 quibus
305 1737 340 1800 in
362 1735 669 1818 describendis,
703 1722 822 1800 nonin
845 1734 1117 1821 disponendis
1140 1737 1214 1801 imi-

77 1844 165 1903 tatus
181 1844 230 1903 est
246 1839 368 1906 Statius
383 1839 559 1924 Vergilium
576 1845 608 1904 et
623 1838 784 1904 Ovidium.
816 1860 890 1903 nam
907 1840 1096 1924 saepissime
1110 1841 1214 1905 isdem

79 1941 147 2007 fere
170 1943 295 2024 verbis,
325 1944 440 2026 quibus
461 1942 495 2007 in
517 1941 676 2020 Aeneide,
708 1943 741 2006 in
764 1942 929 2009 Thebaide
952 1926 1012 2009 res
1027 1937 1215 2010 enarrantur

79 2046 150 2110 sola
179 2046 261 2112 serie
286 2067 392 2113 rerum
418 2052 541 2112 mutata
565 2054 657 2131 prout
681 2047 782 2112 Statio
813 2047 991 2113 videbatur.
1038 2069 1102 2131 qua
1123 2048 1157 2111 in
1179 2067 1214 2112 re

79 2149 198 2214 multos
213 2149 387 2233 Aeneidos,
413 2170 535 2235 paucos
551 2151 848 2237 Metamorphoseon
872 2151 958 2216 locos
981 2169 1151 2236 expressos
1167 2151 1215 2214 le-

78 2271 196 2333 grmus.

166 2356 315 2440 Inprimis
339 2357 390 2422 hic
412 2358 688 2425 commemoranda
716 2366 789 2424 sunt
810 2378 859 2439 ea,
892 2378 973 2442 quae
996 2359 1039 2423 ad
1060 2358 1213 2423 bellum

80 2459 164 2524 inter
178 2459 397 2527 Thebanos
421 2468 453 2528 et
467 2462 646 2546 Argivos
667 2462 788 2546 pariter
809 2468 904 2544 atque
926 2462 1009 2526 inter
1029 2461 1213 2527 Troianos

81 2570 114 2628 et
134 2564 309 2629 Rutulos
331 2571 458 2649 gestum
481 2571 637 2652 spectant.
676 2565 765 2629 iniis
788 2565 873 2630 enim
895 2565 991 2630 rebus
1015 2564 1214 2648 explicandis

80 2668 214 2731 multum
238 2666 335 2734 studii
358 2675 391 2734 et
411 2669 532 2752 ingenii
555 2669 700 2752 inpendit
716 2667 851 2759 Statius,
873 2674 909 2733 ut
925 2668 1064 2753 plurima
1092 2689 1211 2751 eorum,

82 2790 166 2852 quae
187 2771 314 2836 eximia
330 2779 398 2837 arte
413 2773 500 2857 picta
514 2773 546 2837 in
564 2771 706 2837 Aeneide
721 2770 868 2852 legimus,
895 2775 1068 2855 repeteret:
1101 2770 1215 2836 eadem

83 2875 263 2957 pugnarum
291 2895 426 2958 genera,
458 2876 544 2941 idem
575 2876 685 2959 casus,
717 2875 804 2939 idem
834 2874 953 2955 exitus,
987 2874 1064 2941 ordo
1093 2881 1215 2940 tantum

83 2976 180 3043 Statii
208 2979 365 3063 proprius.
407 2979 465 3043 sed
491 2999 553 3060 quo
575 2979 705 3063 propius
738 2977 781 3042 ad
803 2978 984 3061 exemplum
1007 2998 1100 3043 suum
1123 2998 1216 3044 acce-

83 3079 160 3146 dere
183 3081 298 3162 studet,
326 3101 363 3146 eo
385 3082 513 3166 longius
535 3083 568 3147 in
590 3082 651 3147 hac
673 3101 799 3164 quoque
822 3101 855 3145 re
879 3082 1077 3162 sequitur.

168 3184 249 3250 (lum
272 3186 355 3250 enim
378 3185 539 3268 Vergilius
573 3185 739 3269 aptissime
773 3202 900 3267 pugnas
929 3184 975 3249 ita
1003 3187 1146 3265 evolvat,
1179 3191 1215 3249 ut

82 3292 182 3352 totum
216 3288 337 3353 bellum
352 3283 353 3286 ’
368 3287 408 3352 ad
433 3307 590 3352 summum
614 3287 752 3353 furorem
782 3293 814 3351 et
846 3285 888 3350 ad
916 3286 1012 3352 finem
1041 3288 1218 3374 perducant

82 3391 209 3456 Turnus
226 3397 258 3457 et
272 3394 400 3457 Aeneas
415 3392 499 3456 inter
513 3411 549 3473 se
565 3399 732 3470 certantes,
754 3390 798 3455 ad
812 3411 891 3474 quos
906 3392 1114 3458 celebrandos
1131 3393 1215 3456 vires

82 3512 159 3560 suas
182 3502 325 3561 reservat
347 3501 379 3559 et
399 3494 531 3578 colligit,
559 3495 680 3560 Statius
703 3495 735 3559 in
758 3495 865 3577 paruis
881 3495 984 3559 rebus
999 3495 1212 3580 explicandis,

82 3617 164 3680 quas
194 3616 291 3684 supra
313 3599 441 3664 modum
463 3605 495 3663 et
516 3619 625 3664 verum
657 3599 798 3682 extollit,
832 3618 907 3663 suas
930 3607 961 3664 et
984 3601 1107 3664 alienas
1130 3606 1216 3665 artes

82 3700 128 3766 ita
151 3702 317 3784 consumit,
343 3710 387 3786 ut,
414 3723 485 3768 cum
507 3703 624 3769 fratres
640 3722 762 3767 summo
779 3701 885 3767 furore
900 3701 1112 3767 inflammatos
1134 3703 1217 3768 inter

83 3824 118 3871 se
141 3825 327 3870 concurrere
349 3825 482 3871 necesse
505 3812 601 3887 esset,
627 3806 719 3890 inops
737 3806 859 3887 ingenii
882 3813 913 3870 et
935 3807 1059 3870 consilii
1082 3807 1133 3888 sit,
1159 3826 1216 3871 ve-

83 3893 203 3983 natoris
226 3908 351 3992 similis,
374 3910 427 3993 qui
449 3910 483 3975 in
505 3910 660 3976 bestiolas
675 3911 741 3975 tela
763 3909 828 3974 iarn
845 3910 951 3973 omnia
967 3909 1123 3988 effuderit,
1143 3930 1215 3973 cum

81 4012 187 4078 bestia
209 4011 354 4078 occurrit.

168 4133 185 4216 ξ
202 4137 232 4196 2.
273 4132 438 4211 Quomodo
453 4134 595 4200 imitatus
612 4136 653 4200 sit
669 4135 789 4199 Statius
804 4136 837 4199 in
860 4135 1012 4219 pugnis
1029 4133 1214 4199 enarrandis

83 4235 262 4318 Vergilium
285 4244 316 4302 et
337 4237 494 4302 interdum
519 4239 678 4319 Ovidium,
706 4248 841 4323 apparet
864 4261 903 4303 ex
926 4239 975 4301 bis
1000 4239 1089 4301 locis:

997 4362 1008 4406 r
