2798 4830
450 370 455 378 ,
562 333 602 342 -
650 298 734 378 [rra
785 334 824 344 -
1220 301 1260 362 aa

128 483 351 549 pastoralem
368 489 516 553 myrtum
535 502 560 539 a.
575 484 638 547 VII,
660 487 718 538 stt.
736 489 741 550 Ι
757 486 906 541 telluris
923 491 1068 556 opertae
1085 488 1189 544 dissilit
1202 506 1263 544 um-

129 568 179 621 bra
194 567 245 632 IV,
258 571 323 622 520:
343 569 453 624 telluris
465 575 562 639 operta
574 571 667 626 subIro
680 589 704 626 a.
715 572 765 637 VI,
782 574 839 626 140,
857 572 861 643 l
878 588 1017 644 spumea
1035 569 1133 629 frena
1146 576 1181 640 V,
1197 579 1259 632 tos:

129 655 330 723 spumantia
348 654 445 710 frena
462 674 488 713 a.
505 657 541 720 V,
556 659 615 709 atr.
633 658 637 728 Ι
652 659 817 715 ardentia
834 659 1077 726 metroviam:
1097 658 1263 730 fragran-

129 740 180 795 tia
202 740 258 806 (alii
277 740 485 811 flagrantia)
504 744 610 798 mella
627 760 654 812 g.
670 743 719 806 IV,
734 747 792 798 169.
812 761 837 799 a.
853 746 875 810 I,
890 747 950 799 436.
967 743 972 815 l
987 746 1095 815 clipei
1114 751 1266 816 septem-⁸

128 827 225 896 plice
238 829 464 893 tauroVII,310:
480 830 589 898 clipei
603 832 849 900 septemplicis
861 832 942 886 orbes
954 848 980 886 a.
995 832 1061 895 XII,
1075 835 1133 887 925.
1157 836 1263 905 clipei

129 913 258 968 dominus
279 915 530 986 septemplicis
542 933 577 969 m.
593 917 672 979 XIII,
689 919 713 970 2.
736 917 780 983 (cf.
795 917 875 973 Hom.
891 919 924 974 Il.
936 918 1001 985 VH,
1014 921 1078 974 22οι
1098 917 1264 990 ἑπταβόειον

129 998 235 1066 σάκος),
252 1000 257 1071 Ι
274 1003 434 1056 cruentis
446 1002 589 1057 roribus
602 1003 679 1067 VIII,
696 1006 720 1055 7:
735 1020 835 1059 rores
848 1006 1057 1074 sanguineos
1070 1022 1096 1060 a.
1111 1007 1260 1079 xl1,aao.l

129 1094 386 1158 ventosumque
405 1089 643 1153 decusX,712:
657 1095 810 1146 ventosa
829 1093 946 1159 glorta
964 1108 990 1146 a.
1004 1093 1055 1155 XI,
1071 1094 1129 1148 708.
1148 1093 1152 1164 Ι
1168 1093 1264 1149 frau-

128 1174 237 1244 dique
255 1175 480 1229 adcommoda
498 1180 623 1244 tempora
635 1175 686 1239 VI,
705 1177 771 1228 615:
793 1175 914 1231 fraudi
933 1179 1155 1232 adcommoda
1173 1180 1263 1236 valles

128 1276 155 1315 a.
176 1259 227 1326 XI,
249 1262 307 1313 522.
330 1259 335 1330 l
356 1259 539 1317 multifida
562 1263 695 1316 lumina
716 1260 854 1328 l=facesl
875 1263 928 1327 III,
950 1266 1011 1316 142:
1037 1263 1263 1321 multifidas-

128 1361 193 1414 que
218 1344 294 1402 faces
316 1364 352 1401 m.
374 1347 438 1410 Vll,
459 1350 518 1400 259.
550 1346 630 1411 VIII,
650 1350 731 1412 644.Ι
753 1349 943 1406 biverticis
960 1350 1058 1405 umbra
1076 1352 1219 1407 Parnasi
1238 1354 1261 1418 Ι,

129 1434 195 1485 629;
221 1432 467 1504 Parnasusque
490 1433 611 1503 biceps
629 1451 664 1488 m.
685 1435 723 1499 Il,
744 1437 803 1487 221.
835 1434 839 1503 1
873 1436 1192 1493 caelestibustelis
1210 1440 1264 1504 lx,

131 1520 195 1572 729:
216 1520 553 1574 caelestibusarmis
571 1537 597 1574 a.
612 1521 677 1585 XII,
696 1523 753 1574 167.
779 1521 784 1587 l
811 1521 931 1575 dubiis
948 1521 1038 1578 vitata
1056 1524 1191 1580 carinis
1210 1527 1260 1591 IV,

130 1607 189 1657 224.
222 1605 322 1660 dubias
335 1606 443 1661 carinas
456 1606 518 1660 silv.
533 1608 584 1670 IV,
605 1609 629 1671 3,
646 1610 692 1660 77:
714 1606 799 1661 dubia
813 1607 895 1677 pinus
913 1605 932 1660 f.
947 1608 985 1671 II,
1003 1610 1060 1661 101.
1092 1610 1194 1665 dubiae
1212 1627 1263 1665 ua·

129 1691 190 1745 vita
207 1692 309 1761 puppis
327 1709 354 1761 p.
375 1691 411 1754 II,
432 1695 457 1756 5,
478 1694 520 1744 62.
553 1692 637 1747 dubia
655 1692 724 1748 ratis
741 1698 794 1747 art.
814 1694 836 1757 I,
858 1695 917 1747 558.
950 1692 988 1758 ΙΙ,
1008 1695 1089 1759 stat)

592 1921 798 1929 ...—

608 2110 698 2204 Cap.
715 2110 783 2182 IV.

575 2261 632 2328 lle
655 2262 817 2328 verbis.

217 2437 254 2500 In
277 2436 419 2501 verbis
441 2435 639 2518 inquirendis
663 2435 799 2501 eandem
822 2456 918 2519 quam
947 2436 982 2499 in
1004 2435 1070 2501 illis
1092 2429 1264 2520 phrasibus

130 2541 188 2605 inii
207 2540 371 2605 rationem.
408 2559 571 2612 namnum
593 2537 627 2603 in
650 2537 711 2602 hac
732 2558 858 2621 quoque
880 2558 915 2603 re
931 2537 1118 2604 difficillime
1141 2538 1264 2605 discer-

130 2650 237 2724 natur,
271 2649 430 2725 quatenus
460 2660 634 2708 consensus
657 2662 697 2706 ex
720 2641 852 2706 consilio
881 2647 937 2706 aut
959 2662 999 2706 ex
1022 2643 1181 2707 communi
1203 2662 1264 2708 usu

131 2753 187 2814 aut
208 2768 248 2814 ex
271 2767 348 2813 casu
370 2753 456 2813 ortus
480 2747 536 2829 sit,
563 2766 634 2810 cum
657 2764 734 2811 usus
757 2746 926 2812 verborum
949 2746 982 2810 in
1004 2764 1150 2811 sermone
1172 2746 1265 2811 lalis-

132 2853 211 2918 sime
234 2858 357 2938 pateat,
388 2852 478 2916 nulla
499 2850 599 2915 verba
625 2849 688 2914 nisi
711 2870 793 2932 quae
823 2855 949 2935 sumpta
972 2868 1043 2914 esse
1066 2870 1106 2914 ex
1128 2850 1264 2934 Vergilii

131 2957 183 3021 vel
199 2954 307 3022 Ovidii
326 2954 520 3020 carminibus
539 2952 634 3019 certis
657 2952 920 3038 probabilibusve
944 2952 983 3017 de
1007 2953 1112 3017 causis
1135 2952 1264 3018 intelle-

132 3066 276 3143 geretur,
310 3058 438 3141 collegi.
478 3078 574 3139 quam
602 3057 733 3123 obrem
758 3057 894 3141 primum
926 3056 1196 3122 enumerabuntur
1224 3076 1264 3122 ea

134 3164 243 3245 verba,
263 3182 346 3245 quae
362 3183 382 3226 a
396 3161 540 3245 Vergilio
556 3162 608 3226 vel
625 3160 740 3226 Ouidio
757 3161 878 3246 primis,
904 3165 940 3225 ut
957 3159 1091 3239 videtur,
1119 3160 1264 3225 adhibita

130 3268 164 3332 in
180 3266 347 3344 Thebaide
366 3272 562 3351 repetuntur,
589 3263 705 3329 deinde
726 3285 765 3330 ea
789 3264 903 3346 verba,
928 3284 1063 3347 quorum
1084 3263 1118 3328 in
1140 3263 1264 3349 siguifi-

131 3371 257 3437 oatione
280 3376 311 3435 et
333 3388 393 3434 usu
416 3368 449 3433 hi
471 3374 586 3453 poetae
609 3375 797 3450 congruunt.

217 3474 234 3558 ξ
259 3478 287 3537 1.
335 3473 450 3538 Ordior
472 3472 569 3554 igitur
599 3472 640 3536 ab
669 3471 710 3535 iis
737 3471 844 3536 verbis
872 3469 1028 3535 sermonis
1050 3470 1166 3554 poetici
1189 3492 1264 3557 pro-

131 3578 219 3664 priis,
246 3596 338 3661 quae,
362 3576 447 3658 quod
469 3581 544 3640 ante
564 3574 742 3656 Vergilium
764 3595 805 3639 ne
828 3575 926 3638 semel
949 3573 1079 3654 quidem
1100 3575 1258 3657 leguntur,

130 3680 283 3747 imitando
305 3679 507 3745 transtulisse
529 3677 562 3741 in
586 3677 754 3742 Thebaida
776 3677 912 3742 Statium
935 3677 1083 3741 arbitror:

200 3784 341 3851 lapsare
359 3783 393 3847 V,
411 3784 470 3834 223.
490 3782 599 3850 lapsare
616 3780 646 3834 in
665 3781 800 3848 sanguine
815 3781 864 3840 IX,
884 3781 942 3832 162:
965 3781 993 3831 in
1009 3781 1097 3832 multo
1110 3781 1264 3847 lapsantem

132 3871 266 3939 sanguiue
285 3887 310 3925 a.
331 3870 368 3934 II,
384 3871 442 3919 551.
464 3869 468 3936 Ι
490 3867 737 3934 transadigam
758 3865 831 3920 ferro
849 3867 885 3929 V,
904 3868 965 3918 127:
986 3867 1153 3933 transadigit
1170 3872 1263 3919 costas

131 3970 156 4010 a.
177 3956 241 4020 XII,
261 3958 320 4009 276.
342 3955 401 4006 508.
419 3953 424 4024 l
439 3953 567 4007 manibus
585 3951 775 4007 interserit
799 3952 882 4004 ictum
901 3953 952 4015 VI,
974 3954 1031 4002 781:
1059 3952 1199 4004 interserit
1217 3950 1263 4002 os-

132 4045 195 4099 cula
213 4042 306 4098 verbis
326 4059 361 4099 m..
379 4041 416 4104 X,
431 4043 490 4093 559.
509 4041 512 4109 l
528 4040 610 4094 lateri
629 4040 755 4094 dextram
775 4039 952 4092 tnsertare
971 4038 1020 4104 VI,
1037 4039 1097 4090 Sal:
1119 4038 1263 4109 clipeoque

200 4232 220 4300 ⁰)
240 4230 277 4286 cf.
297 4230 397 4288 Luebr.
418 4232 436 4283 l.
452 4231 469 4284 Ι,
484 4232 526 4282 48.
1136 4112 1380 4548 Δ
