2798 4830
128 317 169 381 aa
561 354 606 364 -
653 314 737 399 646]
783 352 827 364 -

127 506 240 576 pellitur
263 506 358 570 umbo,
387 521 453 559 6666
481 507 573 561 minax
591 507 666 561 ensis
718 520 772 575 que
801 505 918 560 Latinae
948 508 1128 570 concurrunt;
1162 505 1260 559 haeret

127 594 218 665 pede
236 608 298 661 pcs
310 596 339 647 ct
351 592 467 664 cuspide
479 592 573 663 cuspis
586 592 664 657 VIII,
718 592 806 662 pede
823 607 885 660 pes
903 591 1061 660 densusque
1080 592 1142 645 viro
1159 592 1204 646 vir
1222 591 1258 656 X,

127 683 223 734 39819.
719 679 779 733 350.

162 685 603 831 abltuliteaumerodextram
615 765 668 820 Oa·
753 771 782 818 tc
800 764 894 819 decisa
917 779 995 818 suum
1005 793 1021 825 ,a
1032 764 1146 829 Laride,
1174 762 1261 817 dex-

128 850 665 923 lydoniusAgreusPhegeos:illasuum
718 856 797 905 tera
821 851 931 920 quaerit
954 850 1186 918 semianimesque
1207 849 1262 902 mi-

128 944 203 994 terra
228 941 307 992 46664
328 936 454 1006 improba
481 936 615 992 ferrum
639 942 668 991 64
719 943 784 992 cant
796 936 877 1005 digiti
896 933 1091 1005 ferrumque
1103 939 1262 991 retractant

127 1030 223 1080 movet
241 1023 320 1087 VIII,
340 1024 399 1078 441.
497 1083 499 1088 Ι

162 1106 260 1180 ignaro
289 1110 334 1164 cui
368 1115 433 1163 tunc
461 1109 594 1165 Thebana
622 1110 667 1165 bi-

127 1196 227 1266 pennis
257 1197 287 1250 in
312 1196 420 1264 galeam
447 1195 547 1250 librata
574 1195 665 1252 venit:

130 1282 271 1336 finduntur
283 1282 422 1350 utrimque
441 1287 597 1350 tempora
615 1282 667 1336 di-

128 1369 289 1438 viduique
307 1367 411 1421 cadunt
425 1368 452 1420 in
466 1366 595 1422 bracchia
613 1368 668 1420 ori-

130 1471 180 1511 ucs
199 1454 276 1520 VIII,
297 1456 357 1506 488.

165 1557 228 1594 nam
241 1539 666 1609 telaregitvircsqucmini-

129 1632 223 1681 strat
240 1625 505 1695 Amphitryoniades
516 1626 594 1691 VIII,
606 1628 665 1678 499.

164 1737 231 1786 4666
249 1745 334 1790 auro
354 1727 496 1800 phaleras,
522 1744 668 1798 auroque

129 1817 249 1885 sagittas
261 1816 428 1885 cingulaque
442 1820 470 1870 64
482 1817 604 1871 manicae
619 1858 624 1868 .
640 1856 646 1867 .
660 1856 665 1867 .

128 1908 269 1971 presserat
287 1907 316 1956 et
333 1903 449 1956 mixtum
473 1917 544 1956 cono
562 1903 668 1971 crispa-

129 1995 211 2044 verat
228 2004 346 2044 aurum
364 1988 443 2053 VllL
465 1989 524 2040 564.

163 2074 265 2129 leviter
287 2075 381 2144 digitis
400 2074 543 2130 imbelle
569 2074 668 2128 solutis

129 2160 268 2215 abiecit
284 2160 432 2214 iaculum
450 2159 528 2224 VIII,
551 2162 609 2222 585.

164 2246 306 2315 intorquet
324 2246 488 2309 iaculum,
508 2246 578 2300 duro
595 2246 669 2316 quod

130 2333 159 2385 in
196 2347 277 2386 acre
315 2337 483 2387 moratum
524 2333 669 2386 transmis-

132 2433 247 2488 sumque
285 2424 399 2474 tamen
445 2419 554 2487 clipei
590 2419 670 2473 stetit

131 2505 211 2561 orbc
230 2505 354 2559 secundo
371 2504 421 2568 IX,
444 2508 503 2558 104.

170 2677 241 2732 hanc
270 2677 322 2733 tibi
348 2676 503 2747 Tydeus,
532 2677 669 2747 Tydeus

130 2764 190 2832 4666
206 2764 281 2843 rapit
300 2767 348 2829 (sc.
367 2766 487 2829 manum)
521 2763 573 2831 IX,
589 2763 673 2818 137.2⁰

165 2935 386 3004 morientumque
412 2950 461 2988 ora
479 2933 583 2988 furenti
601 2934 670 3003 Hip·

130 3021 471 3091 pomcdonproculcet
487 3036 576 3090 equo
589 3020 669 3082 VIII,

130 3108 189 3158 661.
341 3111 343 3115 ’

166 3192 214 3246 4146
232 3192 323 3247 nihil
342 3194 483 3255 coutra;
510 3192 559 3246 sed
584 3192 667 3246 stri-

131 3277 212 3332 dula
230 3286 329 3333 cornus
353 3277 381 3330 in
399 3277 507 3331 hostem
532 3277 555 3332 it
572 3275 669 3331 reie-

131 3380 208 3418 rens
227 3365 358 3418 mandata
376 3364 456 3418 ducis
474 3363 553 3427 Vlll,
573 3364 632 3415 684.

132 3902 337 3910 -——-—--

719 1021 754 1087 X,
775 1024 835 1074 395.

754 1108 894 1163 sublatum
912 1109 970 1163 alte
994 1108 1139 1177 consurgit
1164 1108 1193 1161 in
1211 1123 1263 1162 66-

720 1210 777 1248 sem
797 1200 825 1248 64
842 1194 962 1248 mediam
974 1194 1047 1249 ferro
1059 1195 1171 1264 gemina
1189 1195 1264 1248 inter

720 1288 882 1349 tempora
905 1279 1023 1336 frontem
1050 1281 1191 1336 dividit
1217 1281 1264 1335 in-

719 1367 864 1437 pubesque
890 1367 1002 1424 immani
1030 1369 1144 1422 volnere
1174 1368 1265 1421 malas

720 1453 770 1518 IX,
791 1456 849 1506 449.

754 1540 824 1594 4666
843 1540 940 1595 vires
958 1539 1134 1607 animumque
1155 1538 1264 1591 mini·

721 1631 817 1680 strat
834 1625 885 1690 IX,
907 1628 965 1679 464.

755 1730 800 1784 664
822 1728 955 1798 pharetra
981 1743 1016 1783 ex
1043 1743 1142 1793 auro,
1171 1728 1265 1782 crines

720 1815 860 1870 nodantur
878 1816 907 1869 in
925 1830 1055 1876 aurum,
1075 1829 1264 1881 aurcapur-

720 1915 834 1970 paream
847 1901 989 1956 subnectit
1001 1899 1085 1955 fibula
1095 1904 1201 1955 vestem
1209 1899 1261 1961 IV,

724 1988 780 2042 138.

760 2072 1095 2142 telumqueimbelle
1118 2073 1179 2126 sine
1203 2070 1262 2126 ictu

721 2159 875 2213 coniecit
891 2158 929 2222 Π,
950 2160 1008 2211 544.

755 2249 784 2299 64
801 2245 949 2299 haesurum
968 2243 1079 2312 clipei
1102 2241 1262 2298 curvamine

722 2332 829 2387 telum
852 2331 928 2386 misit
952 2331 980 2384 in
1001 2328 1159 2393 Aeaciden,
1185 2329 1261 2397 quod

722 2424 751 2473 et
768 2434 828 2473 aes
846 2423 876 2472 64
892 2417 1019 2487 proxima
1033 2415 1108 2484 rupit
1120 2421 1199 2483 terga
1211 2429 1264 2467 no-

721 2520 793 2560 vena
810 2505 903 2568 boum,
918 2502 1028 2557 decimo
1045 2506 1159 2556 tamen
1177 2499 1263 2554 orbe

721 2595 889 2645 moratum
907 2595 951 2645 664
969 2605 1004 2641 m.
1025 2588 1091 2652 XII,
1111 2588 1154 2641 95.

754 2674 877 2730 Pallas
895 2681 924 2730 tc
938 2673 991 2730 hoc
1003 2675 1127 2736 voluere,
1141 2672 1261 2727 Pallas

720 2762 847 2816 immolat
860 2736 1017 2830 ct⁸poenam
1032 2801 1038 2813 .
1055 2800 1061 2812 .
1078 2802 1084 2814 .
1100 2761 1185 2813 sumit
1195 2758 1258 2823 llll,

721 2849 783 2902 948.

756 2948 838 3000 aeger
862 2933 891 2986 in
914 2931 1022 2986 hostem
1044 2931 1161 2999 erigitur
1182 2930 1262 3000 pcdi-

721 3019 830 3088 busque
848 3019 936 3072 virum
953 3019 1142 3085 proculcat
1159 3017 1262 3087 cqui-

720 3104 776 3157 nis
794 3120 830 3157 m.
850 3104 915 3170 XII,
937 3106 996 3158 374.

750 3194 795 3244 664
808 3205 874 3244 666
890 3189 1111 3245 etTroiusheros
1122 3189 1198 3243 dicta
1211 3204 1263 3258 pa-

720 3281 765 3330 rat
779 3281 917 3331 contra:
938 3276 1058 3330 iaculum
1071 3292 1133 3329 nam
1147 3280 1258 3346 torquet

722 3362 750 3415 in
761 3361 871 3417 hostem
878 3361 914 3425 X,
927 3362 986 3416 584,
1008 3359 1052 3426 (cf.
1061 3361 1110 3425 lX,
1119 3363 1169 3412 632
1183 3359 1264 3416 ecfu-

721 3449 764 3517 git
778 3449 942 3504 horrendum
962 3448 1123 3502 stridens
1142 3447 1264 3501 adducta

721 3535 825 3602 sagitta
836 3576 842 3588 .
854 3575 877 3587 ..
893 3535 1032 3602 transigit.
1053 3535 1089 3594 »4,
1104 3533 1197 3588 verbis
1210 3533 1264 3587 vir-

721 3627 809 3677 tutem
833 3621 927 3676 inlude
950 3620 1092 3691 superbiet
1120 3619 1165 3675 bis
1188 3618 1263 3686 capti

721 3707 847 3778 Phryges
859 3706 928 3762 haec
940 3706 1054 3761 Rutulis
1067 3721 1186 3774 repensa
1205 3720 1266 3758 66-

721 3791 903 3863 mittunt«)

202 3967 231 4032 19)
252 3967 287 4022 64.
303 3982 364 4021 cum
376 3967 463 4035 pede
481 3982 541 4036 666
559 3967 670 4022 4666466
687 3983 723 4020 m.
737 3965 787 4030 IX,
804 3968 851 4030 44;
869 3965 1003 4034 premitur
1015 3965 1101 4033 pede
1119 3978 1180 4032 pes
1192 3963 1263 4017 Eno.

135 4039 194 4089 558.
228 4038 265 4102 (in
284 4037 327 4091 his
346 4036 489 4104 Vergilius
506 4035 636 4097 Ennium,
657 4035 812 4104 Vergilium
831 4034 938 4090 Statius
956 4039 1067 4089 secutus
1086 4035 1149 4098 664.)

200 4105 232 4171 2⁰)
252 4121 296 4160 res
320 4120 433 4174 prorsus
458 4106 553 4159 eadem
578 4110 634 4169 664;
657 4121 720 4158 nam
744 4121 799 4158 non
817 4103 1011 4174 Hippomedon
1028 4097 1193 4170 Aeneaeque
1217 4116 1268 4170 pro

132 4176 237 4297 amicis1
239 4175 370 4297 imortuis
395 4174 444 4228 scd
461 4173 556 4228 Pallas
575 4180 604 4227 et
621 4174 736 4244 Tydeus
753 4174 807 4243 ipsi
833 4173 960 4242 quamvis
987 4172 1087 4225 mortui
1112 4170 1208 4225 hostes
1227 4171 1268 4223 ul—

133 4246 200 4300 cisci
249 4250 356 4299 cuntur.
