2798 4830
125 323 166 384 ra
559 356 601 370 -
650 320 733 406 [ras]
780 352 823 371 -·-

158 507 344 580 iufestumque
356 515 436 565 tonat
446 515 536 580 pater,
552 518 580 566 et
592 511 664 566 mala
751 513 830 567 caelo
859 513 1020 567 oeciderunt
1048 513 1128 581 plura
1158 527 1258 567 sereno

126 593 267 664 fulgura
284 596 380 652 lucent
397 599 456 649 406.
660 636 662 640 μ
717 596 859 667 fulgura
877 600 937 653 487.

136 701 138 704 ’
159 682 352 753 terrificaeque
370 679 662 754 adytisvooeslbi.
751 688 887 739 maestum
921 685 1078 740 inlacrimat
1112 684 1259 754 templis

717 771 786 826 ebur
802 774 862 824 480.

160 869 234 909 nuno
252 856 536 926 sanguineus...
556 856 665 912 imber
751 860 801 912 aut
817 859 910 927 puteis
921 873 1034 913 manare
1051 872 1154 913 cruor
1171 859 1232 909 485.

126 941 186 992 408.

161 1031 192 1083 et
208 1027 294 1082 subiti
313 1029 408 1084 Manes
425 1027 596 1100 flentumque
617 1046 666 1087 oc-
751 1033 780 1085 et
791 1030 939 1085 simulacra
951 1030 1041 1085 modis
1057 1030 1193 1101 pallentia
1205 1031 1259 1084 mi-

127 1128 225 1168 cursus
241 1129 357 1169 avorum
374 1117 433 1167 409.
716 1116 755 1170 ris
767 1115 830 1171 visa
848 1116 900 1172 sub
919 1117 1065 1173 obscurum
1084 1118 1177 1172 noctis
1195 1116 1256 1170 4782

139 1327 141 1333 ,
213 1270 242 1354 2]
269 1271 351 1336 Item
364 1273 461 1355 Atys,
487 1292 582 1357 quem
603 1271 726 1338 inducit
747 1271 879 1356 Statius,
905 1278 1068 1357 tamquam
1082 1274 1174 1339 alter
1196 1274 1261 1339 (lo-

127 1374 243 1441 roebus
265 1393 337 1441 esse
364 1376 506 1458 videtur,
538 1397 613 1442 nam
634 1397 743 1442 amore
765 1376 923 1444 adductus
949 1377 1088 1442 maximo
1110 1383 1256 1460 uterque,

127 1477 183 1544 ille
204 1478 359 1555 Ismenes,
384 1478 437 1545 hic
459 1479 672 1558 Cassandrae,
696 1480 817 1547 bellum
839 1481 915 1546 init:

262 1582 384 1649 Theb.
409 1583 498 1660 VIII,
525 1586 717 1649 sse—605:
742 1584 836 1650 Aen.
861 1584 905 1667 Π,
932 1586 1112 1649 341-425.

128 1705 321 1770 quamquam
342 1687 415 1773 ipsa
438 1686 609 1773 descriptio
630 1687 818 1796 plemmque
841 1687 959 1754 differt.

177 1838 179 1842 ⁷
215 1864 245 1940 3)
271 1840 437 1937 Quomodo
450 1839 452 1843 ¹
466 1859 597 1925 Thebas
622 1811 764 1945 Μ
785 1867 891 1928 castra
918 1861 1029 1927 Rutuli
1057 1818 1257 1947 oppugnent,

127 1961 290 2029 simillime
312 1958 458 2029 narratur

325 2118 446 2187 Theo.
472 2117 515 2202 x,
541 2085 827 2185 sno-roisnen.
853 2118 912 2198 IX,
938 2124 1053 2185 soors.

163 2220 193 2275 hi
210 2220 334 2289 praefixa
357 2223 418 2277 solo
442 2222 583 2279 vellunt
606 2238 668 2276 mu·
754 2222 917 2278 adcelerant
938 2228 1002 2278 acta
1019 2224 1124 2293 pariter
1141 2227 1262 2280 testu-

129 2308 247 2362 nimina:
272 2313 302 2362 at
318 2307 360 2362 illi
377 2312 520 2378 portarum
541 2307 669 2372 obiectus
721 2307 801 2362 dine
820 2309 917 2365 Volsci
934 2312 964 2363 et
981 2306 1072 2364 fossas
1084 2309 1200 2379 implere
1212 2326 1263 2379 pa-

129 2394 265 2459 minuunt,
285 2396 314 2448 et
329 2391 419 2448 ferrea
432 2395 536 2449 sudant
547 2394 669 2449 claustra
720 2399 783 2449 rant
810 2410 843 2449 ac
865 2395 1005 2450 vellere
1028 2395 1142 2450 vallum.
1174 2412 1263 2466 quae-

129 2479 251 2534 remoliri
271 2495 422 2549 ...pars
447 2480 503 2535 ima
526 2481 670 2535 lacessunt
720 2485 785 2534 runt
803 2496 884 2550 pars
903 2481 1009 2536 aditum
1025 2487 1054 2536 et
1066 2481 1150 2536 scalis
1162 2498 1263 2539 ascen·
1310 2508 1313 2513 ·

79 2592 80 2596 ,
130 2568 344 2636 scrutanturque
357 2581 442 2622 cavas
453 2581 538 2622 caeca
554 2570 669 2622 testu·
721 2567 787 2622 dere
805 2568 976 2620 murostbt.

131 2651 399 2708 dineturres525.
453 2656 456 2663 ·
724 2697 726 2701 .
1055 2690 1057 2694 ,

164 2737 205 2793 At
216 2737 305 2809 Tyrii,
325 2754 397 2808 quae
409 2739 470 2793 sola
481 2739 567 2804 salus,
586 2743 671 2808 caput
756 2738 960 2807 interlucetque
978 2753 1107 2794 corona
1130 2755 1185 2794 non
1203 2746 1262 2795 tam

131 2839 211 2879 omne
224 2824 672 2894 coronantmurorummigras-
722 2824 814 2892 spissa
831 2824 900 2879 viris
918 2826 978 2876 508.

131 2925 185 2979 que
207 2909 338 2971 sudeset
358 2910 452 2965 lucida
471 2908 544 2965 ferro
564 2910 671 2989 spicula
756 2910 875 2964 telorum
896 2909 1038 2965 effundere
1062 2917 1158 2966 contra
1183 2928 1263 2967 omne

131 2999 162 3050 et
178 3011 290 3050 arsuras
313 2997 384 3051 caeli
407 3012 457 3066 per
480 2997 574 3052 inania
590 2998 671 3065 glan·
722 3011 811 3064 genus
832 2995 933 3050 Teucri
955 3012 989 3051 ac
1013 2997 1091 3051 duris
1114 2998 1263 3052 detrudere

131 3083 181 3136 des
199 3097 344 3152 saxaque
359 3083 394 3136 in
411 3082 584 3137 adversos
601 3082 672 3152 ipsis
722 3083 813 3135 contis
828 3123 833 3134 .
850 3125 856 3137 .
873 3124 879 3135 .
894 3099 980 3138 saxa
998 3098 1109 3153 quoque
1127 3082 1263 3138 infesto

132 3169 230 3222 avulsa
248 3169 377 3224 rot-abant
394 3167 538 3227 moenibus
556 3169 616 3221 531.
722 3168 876 3224 volvebant
892 3170 1029 3239 pondere,
1050 3169 1131 3238 siqua
1148 3174 1265 3240 possent

724 3257 850 3308 ...elo

219 3395 248 3476 4)
275 3362 388 3477 Pugna
410 3392 443 3457 in
459 3391 568 3458 limine
589 3351 1021 3476 po—rtaemmmissaillheb.
1038 3393 1081 3477 X,
1100 3396 1259 3478 491-95)

133 3497 322 3581 deprompta
336 3515 408 3562 esse
423 3495 551 3562 videtur
573 3516 613 3561 ex
628 3496 710 3562 Aen.
727 3497 786 3579 XI,
807 3499 968 3562 880—90.
1002 3497 1116 3581 Argivi
1131 3497 1214 3562 enim
1231 3503 1266 3562 ut

133 3601 265 3666 Troiani
286 3600 425 3666 secundo
444 3599 546 3665 Marte
561 3606 784 3684 pugnaverant
802 3606 893 3666 tanta
914 3599 1110 3683 fortitudine,
1135 3607 1172 3667 ut
1193 3621 1265 3667 cum

133 3703 278 3770 hostibus
301 3703 438 3789 repulsis
459 3702 492 3767 in
515 3705 626 3770 urbem
648 3704 848 3771 invaderent.

168 3807 246 3861 ocius
268 3807 358 3862 omnis
381 3813 484 3875 porta
508 3808 577 3874 coit;
599 3808 673 3887 solas
760 3808 807 3880 qui
825 3821 908 3881 cursu
925 3810 1048 3879 portas
1069 3807 1152 3875 primi
1171 3807 1264 3861 inru-

131 3894 198 3947 dum
223 3893 329 3947 tardius
353 3883 445 3948 arctat
467 3892 573 3948 Echion
598 3891 674 3964 Ogy-
725 3909 808 3963 pere
825 3891 962 3960 patentis,
986 3891 1036 3946 hos
1054 3892 1166 3947 inimica
1183 3908 1267 3961 super

133 3980 203 4046 gias,
224 3979 317 4034 audax
329 3979 413 4032 animi
426 3977 563 4047 Spartana
575 3980 674 4035 iuven·
726 3978 937 4046 mixtopremit
961 3979 1072 4046 agmine
1090 3979 1185 4045 turba;
1215 3974 1267 4034 nec

134 4071 180 4119 tus
204 4065 351 4136 irrupit,
382 4065 512 4134 caesique
530 4072 614 4121 ruunt
640 4065 674 4119 in
725 4065 855 4118 miseram
867 4063 1005 4132 effugiunt
1015 4071 1141 4130 mortem,
1157 4065 1207 4119 sed
1223 4066 1267 4118 ll-

135 4150 258 4205 limiue
276 4151 365 4222 primo
383 4152 420 4217 X,
440 4153 498 4204 494.
726 4151 815 4205 mine
827 4151 861 4204 in
874 4150 936 4221 i'pso
949 4189 957 4202 .
969 4190 974 4201 .
985 4190 1009 4203 ..
1024 4150 1124 4204 confixi
1139 4152 1268 4221 expirant

727 4238 833 4291 animas
851 4236 902 4301 XI,
923 4238 981 4288 879.
