2798 4830
132 316 190 376 mo
566 349 603 357 -
655 313 739 394 [mo]
787 349 830 358 -
1018 311 1021 318 ·

130 520 261 573 rumpere.
300 501 387 555 Theb.
409 501 472 563 Vll,
494 503 559 554 705:
584 519 662 554 cusos
686 501 770 554 lenire
793 506 817 553 et
842 503 945 553 derisere
958 502 1034 571 fotis
1053 502 1115 552 o'oro
1126 501 1265 567 frequens.

134 586 222 641 Theb.
245 587 321 650 VIII,
344 589 408 640 588:
430 592 454 639 ct
472 587 586 656 spoliare
604 589 719 655 superbit
741 588 862 642 Oenides.
900 587 988 641 Theb.
1009 588 1044 656 X,
1064 589 1128 637 221:
1142 588 1268 657 stuprarit

130 675 252 726 comitari
269 679 293 726 et
311 674 419 742 inopere
438 676 562 737 6666697)

216 743 331 862 ciuibus
359 778 505 842 omnibus
534 779 613 843 locis
642 799 713 842 cum
746 773 922 843 infinitivus
957 778 1050 842 unius
1074 777 1168 842 Statii
1197 798 1267 860 pro-

130 883 218 967 prius
234 882 286 964 sit,
310 882 418 966 qttscr's
440 904 571 966 repsere
594 903 615 946 a
638 882 739 946 Statio
761 903 824 947 non
848 882 989 946 alienum
1012 900 1083 946 esse
1107 901 1233 946 censeo.

199 1174 256 1243 111,
269 1173 344 1229 4932
367 1181 429 1228 tuac
440 1174 523 1229 ocreis
542 1173 570 1228 in
590 1176 696 1228 astt’c's
714 1182 836 1228 consonet
855 1193 957 1228 ursona
975 1175 1090 1227 volueris
1109 1174 1178 1226 bono
1197 1193 1267 1225 mm-

131 1281 209 1315 moru
227 1261 327 1332 timpora.
709 1265 712 1270 '

215 1366 260 1430 ita
288 1383 398 1429 omnes
427 1364 552 1429 codices
582 1371 711 1428 secutus
741 1364 892 1441 Muelle1·;
934 1365 1040 1446 agitur
1069 1363 1109 1428 (16
1139 1364 1262 1443 avibus,

129 1489 212 1551 quae
235 1469 342 1532 volatu
367 1474 399 1531 et
420 1467 551 1533 vocibus
574 1467 712 1549 auguria
734 1451 863 1532 faciant.
912 1467 983 1548 sed,
1018 1467 1177 1548 quomodo
1200 1488 1265 1530 vo-

109 1571 319 1645 ,16666616
336 1570 458 1642 astris
475 1577 717 1651 consonent,
737 1570 855 1636 frustra
871 1571 1044 1654 quaeritur.
1064 1592 1139 1634 nam
1156 1591 1266 1653 quam-

130 1695 225 1757 quam
255 1674 490 1739 substantivum
520 1680 638 1739 astra
655 1674 785 1758 saepius
812 1673 899 1738 idem
930 1692 1044 1738 sonare
1067 1674 1152 1755 quod
1178 1694 1265 1738 cae-

130 1781 210 1843 lum
233 1785 341 1843 notum
365 1784 423 1858 est,

198 1897 234 1952 cf.
254 1898 342 1953 Theb.
364 1899 400 1962 X,
421 1900 485 1948 375:
512 1903 536 1950 ct
549 1899 665 1967 sulpure
684 1898 758 1950 eluro
778 1903 852 1950 ostro
866 1903 969 1966 poteret.
1013 1897 1102 1952 Theb.
1122 1898 1177 1961 ΙΙΙ,
1201 1901 1262 1948 610;

129 1986 219 2040 subter
237 1985 310 2038 volat
329 1989 404 2037 astru
422 1984 536 2036 turrrulto

130 2095 162 2154 et
184 2110 246 2154 uno
270 2088 430 2153 Silvarum
452 2089 539 2152 loco:

198 2209 259 2264 silv.
280 2209 331 2271 lv,
351 2212 376 2271 3,
397 2211 443 2260 38:
467 2227 520 2261 noo
543 2214 633 2262 tensuc
651 2210 786 2262 uolucrum
800 2228 853 2279 per
872 2215 947 2262 ostro
962 2227 1068 2277 [retroue
1087 2227 1135 2261 occ
1153 2209 1265 2261 velocius

128 2296 209 2357 ibitis,
230 2296 339 2349 euriooc

128 2420 264 2464 auram
293 2399 484 2465 altissimam
523 2405 554 2462 et
591 2399 681 2463 caelo
711 2398 887 2483 proximam
917 2399 1099 2481 significare
1119 2399 1263 2479 ridetur,

128 2510 236 2569 temen
267 2522 305 2567 eo
336 2501 376 2567 (16
405 2522 466 2584 quo
495 2501 603 2584 agitur
630 2502 714 2581 loco,
750 2521 821 2565 cum
852 2502 946 2584 longe
977 2501 1043 2565 alia
1071 2520 1122 2566 res
1146 2501 1197 2582 sit,
1235 2503 1267 2564 to

129 2607 224 2670 ostris
258 2611 306 2670 est
338 2605 548 2670 reiciendum:
592 2626 663 2670 oum
700 2605 767 2669 illic
808 2605 889 2687 (silv.
923 2606 982 2686 IV,
1016 2609 1053 2685 3,
1086 2608 1136 2688 38)
1171 2610 1266 2689 poeta

128 2712 227 2776 verba
256 2709 356 2774 faciat
384 2708 424 2773 de
453 2709 584 2790 avibus,
617 2728 700 2790 quac
732 2729 789 2793 per
817 2729 893 2774 aera
927 2709 1092 2774 celerrimo
1121 2709 1267 2774 volantes

128 2813 171 2879 ad
201 2813 441 2896 exprimendam
472 2813 583 2877 miram
613 2812 679 2878 rem
710 2813 915 2898 comparandi
952 2834 1050 2878 causa
1079 2815 1264 2895 afferuntur,

129 2938 211 3002 quae
227 2937 289 2981 non
305 2924 369 2982 tam
386 2924 558 2982 comuntur
579 2937 673 3000 quam
696 2918 869 3000 finguntur,
895 2918 957 3000 hic,
984 2917 1068 3000 quod
1091 2918 1266 2982 observan-

130 3029 182 3086 tur
208 3041 286 3088 aves
316 3022 356 3085 ab
390 3022 565 3104 auguribus
595 3042 766 3104 earumque
797 3042 892 3086 voces
915 3023 1105 3102 aridiuntur,
1143 3042 1201 3086 eae
1224 3023 1267 3086 16

129 3127 274 3208 ostric,
313 3125 595 3208 quomodocunque
634 3125 912 3209 intelprctabcm's,
950 3126 1039 3190 nullo
1069 3125 1163 3190 modo
1197 3145 1268 3191 esso

132 3236 277 3314 possunt.
325 3248 405 3310 quas
434 3229 473 3293 ob
504 3247 618 3293 causas
652 3228 857 3295 restituamus
880 3230 1053 3313 genuinam
1077 3230 1248 3294 lectionem
1259 3254 1271 3321 ³„

610 3354 643 3395 tro
665 3344 792 3399 acoris,

199 3554 351 3623 116211(
370 3575 426 3609 eece
445 3562 533 3609 autem
552 3556 665 3609 electiore
683 3562 765 3609 ruunt
784 3557 923 3627 Neptunia
938 3556 1055 3623 plebes
1075 3557 1204 3610 Onchesti
1301 3587 1305 3596 ·

132 3659 177 3722 ita
201 3660 306 3722 66116
330 3660 476 3725 omnibus
507 3660 574 3724 fere
604 3660 782 3740 codicibus
816 3660 848 3723 in
879 3681 942 3725 uno
958 3662 1070 3743 potes.
1101 3660 1159 3725 sed
1184 3661 1267 3724 malo

126 3763 245 3845 protes.
295 3763 430 3846 primum
453 3763 549 3844 enim,
579 3764 632 3847 qui
655 3765 785 3828 Thebas
809 3763 971 3828 defensuri
994 3765 1034 3828 ab
1057 3764 1187 3847 Argivis
1210 3764 1268 3828 ad-

132 3872 296 3946 venerunt,
323 3866 409 3931 male
432 3868 579 3950 plebes
602 3868 760 3946 dicuntur,
787 3866 903 3932 (1616(16
927 3868 1102 3951 Onchestii,
1139 3875 1267 3934 auctore

131 3970 197 4035 filio
219 3969 362 4053 Neptuni
385 3970 554 4052 Onchesto‚
582 3993 602 4035 a
623 3972 774 4054 Neptuno
797 3971 856 4035 orti
880 3989 951 4037 esse
973 3971 1142 4037 traduntur
1163 3978 1198 4037 ut

581 4075 720 4144 Neptunia
734 4076 825 4144 proles

128 4164 332 4172 ---—-—-—-—

201 4238 232 4311 ⁰⁷)
253 4244 288 4300 61.
310 4245 384 4301 Lohr
402 4247 436 4300 dc
455 4245 587 4304 infinitivi
605 4263 657 4300 usu
675 4248 750 4318 apud
768 4246 888 4303 Statium
906 4255 934 4303 et
952 4249 1121 4305 Iuvenalem,
