2798 4830
213 288 273 349 116
650 325 691 333 -
739 288 823 371 [aas]
860 269 944 334 ’-·
1056 328 1057 332 1

278 471 349 529 Aen.
365 477 401 539 X,
417 478 466 527 320
484 477 590 530 ualidae
607 494 711 540 manas,
733 472 802 531 Aer'r.
820 478 870 543 XI,
892 481 941 530 552
961 481 1040 531 tetum
1058 478 1152 531 aalide
1178 497 1260 532 manu
1279 481 1350 548 quud

210 563 324 632 yerelrat,
345 558 416 617 Aen.
431 564 496 630 XII,
517 565 550 615 98
569 564 659 617 valida
677 583 768 618 mana.
804 588 806 592 ·

296 666 377 732 haee
400 667 448 732 vis
470 688 632 751 nunquam
653 668 739 733 inest
759 669 793 733 111
816 668 975 735 adieetivo
997 678 1115 733 vastas,
1155 689 1231 734 nam
1255 668 1316 733 etsi

278 785 371 838 Manil.
386 785 435 852 IV,
462 789 510 838 667
530 788 635 857 elephas
653 793 751 853 vastae,
773 789 859 857 Verg.
879 785 950 843 Aen.
970 789 1049 854 VIII,
1071 791 1129 854 295,
1150 789 1223 842 Man.
1241 788 1277 852 V,
1303 789 1350 839 698

211 870 250 923 teo
267 876 364 934 vastas,
392 873 486 926 Manil.
507 873 530 937 I,
550 875 600 928 420
623 873 753 943 quaates
770 875 855 939 uasti,
880 877 966 944 Verg.
986 870 1058 930 Aen.
1078 874 1135 940 III,
1156 877 1205 927 611
1228 876 1353 944 cyclopes

210 958 282 1010 vasti

210 1069 380 1143 vocantur,
406 1068 514 1127 tamen
537 1062 588 1127 his
610 1064 690 1129 loeis
715 1064 861 1129 omnibus
884 1064 1061 1130 illustratur
1087 1066 1235 1147 meles,
1271 1085 1353 1146 quae

212 1184 249 1229 eo
273 1164 313 1230 de
337 1186 399 1247 quo
422 1166 547 1249 agimus
570 1167 639 1232 loeo
668 1168 788 1232 nullius
815 1168 967 1232 momenti
988 1175 1053 1247 est3
1079 1188 1199 1250 magna
1220 1167 1254 1232 vi
1278 1187 1354 1231 ean-

212 1273 338 1350 turquet
360 1269 486 1334 hastam
509 1290 572 1334 neu
594 1271 778 1335 lacertus
800 1277 946 1337 vastus
970 1270 1029 1337 sed
1051 1271 1231 1340 validus.

279 1540 320 1611 ll,
334 1542 409 1598 634:
427 1544 585 1615 siaqalta'das
603 1551 691 1599 artam
709 1547 814 1600 vexavit
832 1547 943 1600 thoraca
962 1523 1038 1599 detor

211 1647 385 1714 Muellerus
409 1650 532 1733 eenieit,
560 1672 632 1716 eum
656 1651 734 1734 quid
758 1652 814 1717 sit:

284 1822 406 1875 exhaurit
424 1823 530 1876 theraea
551 1824 600 1887 (ita
618 1823 742 1879 codices:
767 1825 789 1877 P
808 1772 921 1886 6611111111,
942 1823 994 1876 ΒΜ
1013 1823 1144 1888 exhaurit)

212 1945 277 1989 non
307 1926 485 2011 intellegat.
539 1928 623 2011 qued
660 1950 756 2011 quam
784 1948 936 2013 perverse
968 1927 1154 2011 coniecerit,
1187 1928 1349 1994 neminem

213 2027 307 2111 fugit.
354 2031 492 2116 primum
521 2033 605 2097 enim
633 2054 697 2098 non
725 2032 952 2117 perfeetum
982 2037 1109 2116 tempus
1139 2032 1198 2111 sed
1227 2053 1353 2116 prae-

214 2151 307 2197 sens
337 2136 526 2219 postulatur.
578 2135 694 2202 deinde
727 2143 762 2202 ut
791 2136 922 2202 verbum
953 2134 1163 2201 exhauriendi
1196 2136 1350 2216 offendat,

213 2241 336 2301 tantum
359 2239 461 2320 abest,
487 2247 532 2322 ut,
567 2240 651 2321 quod
673 2241 788 2305 melius
810 2240 955 2323 quadret,
981 2239 1135 2304 nesciam.
1182 2239 1243 2303 hee
1266 2238 1350 2304 enim

212 2340 356 2423 verbum,
383 2341 468 2425 quud
490 2342 576 2427 apud
593 2343 731 2409 Statium
753 2343 850 2408 latius
873 2348 962 2428 patet
984 2342 1178 2427 saepiusque
1200 2331 1347 2424 oeeurrit,

212 2462 274 2506 non
307 2446 409 2509 solum
442 2446 528 2511 idem
558 2452 608 2511 est
640 2447 727 2529 quod
760 2445 1043 2512 exhaurIeudo
1077 2445 1243 2527 aliquid
1276 2445 1351 2509 mi-

211 2567 350 2628 nuere,
392 2549 513 2614 inane
546 2549 732 2631 reddere,
777 2549 1006 2634 perficere,
1048 2568 1266 2633 superare,
1308 2550 1351 2631 (ut

209 2650 336 2717 labores
359 2655 412 2718 161
434 2653 600 2738 pericula),
627 2652 869 2735 verumetiam,
896 2654 923 2717 si
937 2673 1002 2719 non
1017 2671 1068 2717 res
1084 2652 1156 2736 ipsa
1172 2651 1240 2733 sed,
1263 2651 1349 2734 quod

208 2754 303 2838 inest,
330 2756 529 2822 exhauritur:
557 2756 776 2822 exhauriendo
799 2756 994 2832 afficere,
1022 2755 1220 2838 fatigare.
1269 2759 1348 2821 haee

208 2856 366 2942 fatigandi
389 2860 439 2925 vis
461 2860 564 2925 inest:

276 2978 366 3034 Theb.
386 2980 428 3043 ΙΙ,
454 2982 485 3031 31
510 2982 635 3034 exhausti
656 2983 729 3035 vent'
745 2985 787 3046 l:
806 2981 942 3050 astando
967 2980 1104 3050 consecti),
1119 2977 1206 3033 Theb.
1222 2979 1277 3044 VI,
1299 2981 1348 3031 669

208 3083 316 3134 carpere
334 3066 459 3120 exhauste
477 3068 539 3121 cod.
561 3067 627 3132 Bu,
654 3085 686 3120 ea
703 3072 777 3120 vasto
795 3067 971 3132 Mueller.)⁹⁶)
1100 3072 1102 3076 ’

296 3170 377 3234 Item
388 3170 445 3235 illu
461 3170 529 3235 1000
545 3171 635 3234 dolor
643 3179 755 3254 pectas
772 3170 897 3234 thorace
912 3168 1016 3235 artam
1031 3168 1218 3254 siaqalta'bas
1233 3168 1350 3251 fatigat
1380 3157 1382 3162 '

209 3272 261 3357 vel
278 3271 437 3356 singultus
453 3273 573 3359 pectori
596 3275 725 3339 thuraea
748 3281 816 3339 artu
839 3274 980 3339 delorem
998 3274 1147 3355 afferunt,
1170 3273 1256 3354 quad
1270 3291 1350 3355 qua-

211 3373 286 3438 dam
309 3383 377 3442 arte
399 3379 496 3444 verbu
519 3377 730 3443 exhauriendi
757 3378 957 3443 describitur.
1004 3377 1116 3442 eadem
1146 3375 1241 3441 modo
1272 3375 1349 3439 sub-

210 3479 382 3544 stantivum
415 3482 559 3565 thoraca,
593 3503 666 3546 eum
697 3482 767 3547 viee
797 3481 988 3547 substantivi
1017 3479 1154 3565 pectoris
1182 3479 1345 3562 fungatur,

210 3580 257 3646 ita
279 3589 314 3646 ut
337 3584 377 3649 de
399 3585 556 3651 industria
579 3586 631 3650 hie
647 3586 769 3651 Statius
795 3585 916 3668 aliquid
941 3584 1029 3649 dubii
1052 3583 1147 3647 nimis
1170 3583 1277 3647 audax
1299 3602 1349 3646 re-

209 3683 342 3766 liquisse
372 3688 534 3773 videatur,
568 3690 696 3756 tolerari
725 3696 839 3773 potest.
888 3688 1133 3772 vituperandum
1155 3686 1255 3769 igitur
1276 3704 1347 3750 esse

212 3794 350 3873 poetam,
377 3812 439 3857 non
463 3794 688 3876 corrigendum
713 3813 837 3858 eenseu.

211 3946 414 3958 ——-—-—

277 4030 307 4096 ⁹⁸)
330 4031 365 4084 ef·
388 4032 488 4103 Georg.
510 4036 564 4100 IV,
586 4038 635 4087 248
654 4053 717 4106 apes
735 4035 883 4086 exhaustae.
