2798 4830
131 303 172 366 01
333 364 336 376 Λ
569 337 610 348 -
660 298 743 382 [rer]
791 335 834 347 -

127 490 273 555 Lucretio
302 489 436 574 profecti
465 490 539 573 sint,
583 509 665 570 quae
695 489 737 553 sit
758 489 859 554 virtus
890 494 923 553 et
950 488 1122 553 auctoritas
1146 486 1259 566 Ovidii,

127 592 223 676 plane
252 593 459 660 demonstrat.
496 592 554 658 sed
578 612 649 657 eum
672 592 826 657 rationem
849 591 932 656 inter
953 591 1077 676 priores
1104 596 1218 676 poetas
1239 597 1267 656 et

130 696 266 760 Statium
288 697 539 763 intercedentem
568 716 630 760 non
661 696 756 781 plene
788 695 991 778 tractaverit,
1030 693 1108 777 quid
1138 694 1179 759 de
1212 694 1267 760 hac

134 799 339 865 iudicandum
368 788 426 884 sit,
454 800 627 881 quaeritur.
679 820 784 883 neque
807 805 855 864 est
878 820 917 865 ea
947 797 1092 882 quaestio
1120 798 1267 864 difficilis.

136 923 210 967 nam
234 904 287 986 qui
310 903 344 969 in
359 904 494 988 Vergilii
516 910 549 969 et
571 902 679 968 Ovidii
702 903 897 970 carminibus
920 923 958 968 eo
981 902 1067 986 quod
1088 902 1197 968 adhue
1219 923 1271 968 ex-

136 1007 268 1090 planavi
290 1006 396 1072 studio
418 1011 565 1072 versatus
596 1006 654 1090 sit,
687 1027 759 1072 eum
787 1005 942 1090 plurimos
971 1024 1085 1071 versus
1115 1006 1270 1072 cumillis

133 1110 236 1194 poetis
259 1127 442 1175 communes
475 1109 595 1174 habere
628 1109 894 1174 verisimillimum
916 1107 1058 1189 ridetur,
1096 1115 1129 1175 et
1162 1130 1271 1175 revera

134 1213 342 1297 congruentia
369 1213 560 1298 planissima
589 1217 639 1278 est
667 1218 699 1277 et
726 1212 872 1278 imitatio.
920 1232 991 1277 eum
1013 1211 1100 1278 enim
1121 1212 1270 1297 Zingerle

133 1323 281 1383 accurate
303 1323 455 1402 exponat,
494 1334 575 1400 quos
608 1304 726 1381 versus*
751 1317 803 1381 vel
826 1335 936 1381 omnes
968 1316 1022 1382 vel
1044 1316 1176 1401 plurimi
1197 1337 1272 1402 poe-

136 1426 189 1486 tae
210 1419 245 1484 in
269 1418 393 1485 deliciis
415 1418 600 1500 habuerint,
631 1417 685 1502 qui
708 1438 750 1483 ex
772 1419 1018 1502 congruentibus
1047 1419 1164 1503 reliqui
1187 1426 1268 1503 sunt,

140 1523 168 1587 si
189 1522 263 1587 illos
286 1522 468 1604 omittimus,
496 1521 656 1606 pertinent
677 1521 721 1587 ad
742 1521 951 1587 imitationem
979 1520 1270 1589 demonstrandam.

140 1624 247 1709 ag'itur
268 1626 302 1690 in
324 1625 434 1709 primis
457 1624 498 1689 de
520 1624 642 1706 Ennio,
669 1625 829 1708 Vergilio,
855 1624 985 1705 Ouidio,
1019 1626 1168 1706 Lucano,
1206 1647 1274 1692 cum

135 1729 203 1794 lere
232 1729 314 1794 nulli
346 1748 459 1794 versus
492 1729 526 1793 in
557 1727 723 1793 Thebaide
753 1728 833 1811 sint,
870 1728 924 1811 qui
954 1726 1043 1813 apud
1070 1729 1210 1795 Ennium
1246 1735 1275 1794 et

136 1833 300 1898 Lucanum
329 1832 496 1916 leguntur,
528 1831 562 1895 in
584 1832 719 1915 Vergilii
743 1838 775 1897 et
797 1831 905 1898 Ovidii
928 1831 1122 1897 carminibus
1145 1832 1274 1899 deside-

136 1942 258 2017 rantur,
293 1936 388 2002 etiam
411 1937 445 2000 in
474 1935 516 2000 iis
542 1935 688 2000 versibus
720 1935 958 2020 ipsisimitatio
981 1936 1034 2001 vel
1057 1936 1195 2019 Vergilii
1225 1937 1274 2002 vel

143 2037 251 2104 Ovidii
273 2037 443 2107 statuenda
466 2044 524 2118 est,
552 2057 684 2120 quorum
707 2038 829 2103 similes
853 2044 926 2130 sunt
948 2043 1004 2102 aut
1025 2037 1113 2121 apud
1136 2039 1275 2104 Ennium

145 2148 201 2207 aut
216 2142 303 2226 apud
317 2143 493 2208 Lucanum.
519 2160 598 2224 quos
619 2140 655 2205 hi
677 2161 786 2207 omnes
808 2141 928 2206 hahent
949 2160 1145 2226 communes,
1170 2141 1273 2223 iniis,

141 2251 177 2310 ut
205 2245 270 2310 iam
300 2245 386 2328 dixi,
419 2264 491 2309 cum
517 2244 701 2329 pervulgati
723 2244 861 2311 ducendi
891 2245 971 2327 sint,
1013 2245 1149 2311 imitatio
1183 2245 1278 2311 statui

142 2369 206 2413 non
242 2355 357 2433 potest.
418 2368 628 2432 quamquam,
669 2369 710 2414 ne
747 2348 824 2432 quid
860 2348 1021 2432 omittam,
1058 2348 1118 2413 hos
1153 2368 1279 2432 quoque

145 2453 290 2518 afferam.

229 2555 440 2634 Quaesiturus
462 2556 560 2640 igitur
582 2557 623 2622 de
644 2555 833 2640 partibus
861 2556 1191 2621 hexametrorum
1213 2555 1279 2638 pri-

144 2681 231 2725 mum
254 2680 309 2726 eos
331 2678 446 2726 versus
468 2680 579 2726 omnes
601 2660 820 2745 pertractabo,
853 2679 984 2742 quorum
1011 2658 1045 2722 in
1066 2659 1169 2742 prima
1190 2664 1280 2744 parte

145 2763 259 2829 eadem
281 2764 381 2830 verba
403 2764 534 2830 easdem
557 2763 652 2830 sedes
675 2763 829 2830 obtinent.
859 2782 926 2846 eos,
945 2782 1024 2845 quos
1040 2782 1137 2847 supra
1151 2761 1185 2826 in
1202 2762 1280 2827 libro

145 2869 205 2934 »de
227 2868 391 2933 formulis«
420 2867 574 2954 inscripto
608 2867 812 2950 enumeravi,
851 2867 976 2947 omitto,
1016 2871 1124 2931 eontra
1157 2865 1212 2948 qui
1241 2865 1280 2930 ob

144 2971 227 3036 alias
249 2990 365 3037 causas
388 2971 476 3036 citati
498 2977 582 3053 sunt,
609 2991 664 3036 eos
687 2971 802 3036 iterum
823 2971 965 3055 proferre
987 2990 1124 3053 aequum
1146 2975 1235 3054 puto.

215 3091 389 3156 †transabiit
406 3095 499 3145 costas
518 3091 555 3155 II,
576 3094 591 3143 9
610 3115 642 3136 =
661 3108 687 3145 a.
708 3090 758 3157 IX,
780 3093 839 3145 432.
858 3089 990 3160 loentum
1009 3097 1069 3145 erat
1086 3091 1127 3161 ad,
1141 3090 1179 3155 Il,
1200 3092 1232 3143 65
1249 3112 1280 3134 =

148 3196 173 3233 a.
194 3178 243 3243 Vl,
264 3177 421 3242 45.f.111‚
443 3180 483 3243 13,
504 3177 602 3242 651.⁵8)
621 3177 788 3247 {praecipiti
806 3179 941 3232 conuulsa
958 3182 1025 3231 noto
1042 3176 1078 3242 ll,
1101 3179 1163 3230 194:
1184 3194 1213 3245 p.
1234 3176 1282 3230 de-

146 3267 204 3319 lata
222 3283 266 3332 n.;
293 3281 319 3319 a.
338 3264 401 3327 VII,
423 3266 482 3316 411.
512 3263 516 3334 Ι
543 3268 692 3333 expectata
710 3265 772 3319 dies
790 3265 831 3330 ll,
853 3266 903 3316 214
922 3288 954 3309 =
973 3282 998 3318 a.
1019 3265 1055 3329 V,
1078 3265 1136 3316 104.
1154 3262 1158 3331 1
1174 3267 1282 3332 tempus

147 3356 207 3405 erat
231 3366 294 3405 cum
316 3349 365 3417 IV,
387 3353 446 3403 686.
484 3350 547 3409 silv.
568 3350 610 3414 ll,
632 3352 658 3414 2,
680 3353 742 3402 133:
768 3354 790 3404 t.
810 3367 834 3406 e.
855 3367 911 3420 quo
931 3367 957 3404 a.
978 3352 1015 3416 ll,
1036 3352 1096 3403 268.
1133 3366 1178 3419 ep.
1198 3350 1234 3415 X,
1255 3352 1280 3400 7.

147 3437 166 3492 f.
187 3437 221 3496 V,
241 3438 300 3488 491.
321 3454 358 3491 m.
378 3437 414 3502 X,
435 3436 530 3501 446.59}
557 3436 562 3504 Ι
585 3438 655 3492 atria
675 3438 847 3507 complentur
865 3436 902 3501 ll,
923 3438 972 3488 215
992 3460 1023 3482 --
1042 3453 1077 3489 m.
1098 3436 1132 3499 V,
1153 3439 1179 3488 3.
1202 3439 1207 3503 1
1229 3452 1282 3489 non

148 3539 228 3579 secus
246 3540 280 3578 ac
298 3524 335 3589 ll,
358 3525 408 3575 236
427 3546 458 3568 =
478 3539 514 3576 m.
535 3522 612 3588 VlIl,
635 3525 692 3576 162.
713 3523 775 3588 XV,
798 3526 856 3575 186.
881 3520 886 3591 l
910 3528 939 3577 et
957 3523 1064 3576 latuere
1083 3523 1140 3576 doli
1159 3521 1196 3586 Η,
1217 3524 1279 3573 616;

147 3626 199 3665 nee
217 3611 235 3664 l.
251 3611 295 3675 d.;
316 3612 380 3674 al,
403 3613 461 3664 130.
479 3609 483 3680 Ι
500 3625 550 3664 seu
568 3609 679 3664 fortuna
697 3609 752 3664 fuit
769 3611 822 3676 llI,
843 3612 890 3662 61:
912 3610 977 3663 dum
996 3607 1016 3663 f.
1037 3607 1073 3673 f.;
1094 3625 1120 3663 a.
1141 3609 1193 3672 Ill,
1216 3611 1255 3660 16.
1278 3611 1282 3676 Ι

147 3697 316 3766 improvisus
334 3698 416 3752 adest
433 3697 485 3764 ΙΠ,
507 3700 555 3750 641
576 3721 606 3742 =
625 3714 652 3751 a.
666 3697 717 3764 IX,
733 3699 775 3750 49.
792 3695 796 3767 Ι
812 3696 914 3751 circum
933 3697 992 3751 lora
1010 3696 1132 3751 fremunt
1150 3696 1282 3762 1114360

224 3940 255 4006 ⁵⁸]
277 3938 429 3994 0111110111.
449 3939 467 3992 l.
482 3939 501 3992 1.
521 3955 585 4008 pag.
606 3939 631 4002 8,
651 3938 698 4008 qui
716 3953 811 3993 omnes
829 3938 907 3992 locos
925 3937 1048 4006 collegit.

218 4027 249 4092 ⁵⁹)
271 4027 373 4080 similia
392 4041 522 4079 versuum
541 4026 622 4080 initia
639 4025 754 4093 collegit
772 4024 873 4078 Luehr.
888 4024 907 4076 l.
923 4025 940 4079 l.
961 4039 1024 4093 pag.
1040 4026 1069 4076 8:
1090 4029 1201 4091 tempus
1213 4028 1282 4085 erat,

151 4097 223 4152 caeli
242 4113 303 4151 cum
321 4096 385 4151 silv.
406 4095 457 4157 III,
480 4097 503 4159 1,
524 4097 565 4146 52.
603 4101 712 4164 tempus
737 4095 790 4148 erit
813 4110 874 4149 eum
893 4093 956 4148 Tib.
978 4094 1000 4157 I,
1021 4095 1047 4158 4,
1067 4095 1108 4144 91.
1141 4095 1159 4145 1’.
1181 4093 1203 4154 l,
1224 4097 1282 4147 529.

150 4184 186 4288 pp.
206 4165 362 4297 {dhhdm'
381 4165 385 4231 Ι
401 4169 512 4234 tempus
530 4164 584 4217 erit
601 4180 657 4234 quo
675 4173 727 4218 art.
747 4164 797 4225 Ill,
818 4166 860 4215 69.
898 4168 1006 4231 tempus
1024 4167 1054 4216 et
1071 4161 1140 4215 illud
1160 4163 1214 4215 erit
1231 4178 1285 4232 quo
