2798 4830
215 314 256 375 eo
651 269 696 358 -έ
741 314 825 396 [rso]
874 350 915 359 -

301 503 457 583 Reliquae
486 509 559 566 sunt
588 522 646 566 eae
679 502 948 586 comparationes,
983 521 1064 584 qnae
1093 508 1181 566 ortae
1209 509 1279 567 sunt
1302 520 1332 564 er

214 606 293 671 locis
316 605 371 670 ubi
393 625 444 670 res
467 605 655 689 simpliciter
676 612 860 688 narrantur,
897 626 962 671 non
984 612 1225 691 comparantur:

303 781 404 844 comp.
431 759 531 826 vietor
553 781 579 826 e.
598 761 707 826 leone:

250 902 281 951 ut
307 896 494 966 leoldassyli
518 912 579 951 cum
606 897 654 950 lux
676 897 756 951 stetit
843 913 959 966 corpora
976 898 1152 965 magnanimo
1179 899 1271 951 satis
1295 899 1337 949 est

215 983 299 1037 obvia
317 980 399 1047 ferri,
426 988 492 1037 tnnc
509 983 575 1046 iras,
596 988 662 1038 tunc
680 999 756 1052 arma
807 989 966 1053 prostrasse
996 985 1107 1049 leoni,
1148 999 1241 1052 pugna
1272 998 1337 1037 suum

215 1069 293 1132 citat,
307 1070 332 1122 si
346 1069 460 1124 decidat
471 1067 604 1134 hostis,
621 1070 661 1123 ire
674 1085 757 1139 super
809 1068 906 1135 finem,
926 1087 987 1124 cum
1012 1070 1086 1124 iacet
1107 1069 1240 1136 hostis,
1255 1068 1339 1122 ·habet

216 1156 308 1210 satis
333 1161 399 1218 est,
431 1156 574 1227 vitamque
601 1155 757 1228 relinquere
810 1162 845 1211 tr.
865 1157 917 1222 ΙΙΙ,
941 1159 966 1219 5,
982 1159 1023 1209 33.

215 1241 291 1298 victo
309 1241 387 1307 VIII,
410 1243 467 1297 124.
652 1246 655 1250 “

301 1403 402 1467 comp.
428 1403 488 1467 par
509 1381 682 1448 amicorum
706 1402 733 1448 o.
757 1383 851 1449 boum
874 1383 967 1467 iugo:

250 1520 373 1585 ducitur,
411 1519 514 1574 amisso
548 1519 648 1588 qualis
669 1535 758 1573 eon·
844 1519 867 1573 it
904 1520 992 1573 tristis
1027 1524 1150 1575 arator
1185 1524 1344 1573 maerentem

215 1611 314 1660 sorte
341 1605 465 1659 laborum
488 1605 593 1659 deserit
616 1606 757 1674 inceptum
810 1605 963 1674 abiungens
981 1604 995 1659 f
999 1611 1141 1661 raterna
1157 1611 1245 1660 morte
1257 1607 1346 1661 iuven-

215 1691 330 1746 media
364 1692 459 1746 inter
493 1692 618 1760 iugera
651 1693 757 1746 sulcum
810 1677 1347 1762 cumatqueopereinmediode·

214 1783 312 1832 taurus
324 1777 399 1832 iners
417 1816 424 1829 .
440 1816 446 1828 .
464 1816 470 1829 .
490 1784 597 1846 partem
610 1778 758 1832 lacrimans
811 1777 866 1843 fixa
883 1779 1018 1847 relinquit
1034 1784 1129 1833 aratra
1145 1794 1174 1847 g.
1194 1778 1245 1843 ΙΙΙ,
1268 1780 1325 1831 517.

216 1868 357 1919 sustentat
373 1869 494 1920 arator
511 1863 562 1929 IX,
584 1865 627 1918 82.

304 2023 407 2088 comp.
432 2003 579 2069 Eteocles
602 2022 629 2069 o.
648 2004 803 2070 Hercule:

251 2142 342 2210 qualis
357 2141 405 2195 ubi
416 2141 581 2209 implicitum
593 2140 758 2210 'Iirynthius
845 2146 907 2197 tura
926 2143 1012 2196 dabat
1029 2141 1126 2210 primis
1144 2145 1175 2196 et
1193 2141 1280 2195 verba
1293 2156 1351 2209 pre-

217 2227 329 2282 ossibus
363 2229 456 2296 ignom
479 2227 568 2282 sensit
592 2231 622 2281 et
639 2225 758 2281 Oetaeas
810 2229 903 2283 cantia
926 2227 1059 2292 flammis,
1088 2228 1210 2298 vinaque
1234 2243 1350 2281 marmo-

217 2313 347 2368 membris
365 2314 500 2367 accedere
517 2313 615 2378 vestis,
635 2317 703 2368 vota
718 2314 760 2367 in·
811 2329 873 2367 reas
891 2319 989 2382 patera
1006 2312 1140 2367 fundebat
1158 2313 1187 2367 in
1205 2329 1282 2367 aras:
1309 2315 1350 2366 in-

215 2405 297 2469 cepta
316 2404 407 2454 tamen
428 2400 571 2468 libataque
595 2403 658 2452 tura
684 2396 758 2453 fere·
810 2400 896 2454 caluit
925 2399 969 2453 vis
992 2399 1040 2453 illa
1065 2398 1142 2464 mali,
1175 2399 1350 2467 resolutaque

216 2486 266 2541 bat
283 2486 369 2540 durus
387 2486 479 2541 adhuc
496 2485 662 2556 patiensque
682 2486 756 2550 mali,
810 2484 927 2539 flammis
934 2484 1086 2539 Herculeos
1098 2483 1168 2538 abiit
1181 2486 1237 2539 late
1250 2484 1350 2538 diffusa

214 2588 278 2626 mox
296 2573 400 2640 grande
413 2577 528 2626 coaetus
539 2572 684 2640 ingemuit,
699 2572 756 2626 vic·
807 2587 857 2640 per
874 2577 960 2626 artus.
999 2571 1064 2624 dum
1089 2569 1182 2638 potuit
1199 2571 1285 2625 solita
1300 2586 1349 2638 ge-

214 2663 312 2727 torquc
341 2656 411 2713 furit
439 2675 489 2727 per
518 2658 626 2714 viscera
649 2658 756 2712 Nessus
807 2657 903 2710 mitum
915 2657 1020 2710 virtute
1037 2656 1179 2723 repressit.
1200 2657 1278 2711 victa
1296 2673 1348 2710 ma-

215 2745 341 2810 X1,2er.
807 2744 841 2798 lis
859 2747 1007 2812 postquam
1025 2747 1070 2796 est
1086 2741 1231 2809 patientia,
1252 2757 1349 2810 reppu-

806 2829 928 2891 literas,
947 2827 1130 2896 implevitque
1149 2827 1208 2882 suis
1226 2844 1350 2883 nemore

807 2931 867 2969 sum
885 2914 1002 2970 vocibus
1021 2912 1108 2968 Oeten
1126 2931 1162 2968 m.
1176 2915 1227 2979 IX,
1251 2916 1308 2966 159.

299 3058 402 3124 comp.
428 3037 598 3122 Polynices
620 3059 651 3104 e.
668 3044 760 3104 tauro
782 3056 890 3102 amore
913 3035 1056 3102 furente:

250 3159 337 3213 veluti
364 3159 420 3212 dux
444 3163 540 3213 taurum
566 3164 660 3214 amata
682 3159 756 3212 valle
816 3157 934 3211 ¹victus
974 3156 1034 3212 abit
1075 3157 1211 3226 longeque
1247 3156 1350 3226 ignotis

215 3261 327 3309 carens,
352 3245 462 3314 pulsum
484 3244 568 3299 solito
592 3259 673 3312 quem
691 3259 756 3313 gra-
809 3243 903 3297 exulat
915 3243 980 3296 oris.
1001 3243 1213 3311 multagemens
1231 3244 1350 3312 ignomi-

214 3334 287 3387 mine
304 3333 394 3387 victor
410 3331 493 3384 iussit
510 3330 546 3383 ab
565 3337 660 3400 erepta
675 3331 756 3399 longe
807 3331 881 3385 niam
904 3330 1058 3400 plagasque
1081 3329 1194 3397 superbi
1223 3329 1347 3395 victoris,

213 3419 319 3488 mugire
336 3418 462 3477 iuvenca,
485 3432 546 3471 cum
564 3415 682 3486 profugo
697 3417 757 3486 pla·
807 3421 865 3470 tum
892 3431 962 3486 quos
988 3415 1083 3471 amisit
1099 3415 1205 3469 inultus
1222 3431 1347 3481 amores3

213 3521 294 3560 onere
312 3505 366 3558 tori
385 3504 535 3573 cervixque
559 3508 672 3571 recepto
690 3519 756 3558 san·
808 3507 836 3557 et
854 3503 964 3557 stabula
981 3505 1129 3569 aspectans
1147 3503 1240 3570 regnis
1256 3517 1352 3556 exces-

214 3592 297 3660 guine
324 3606 424 3658 magna
448 3590 520 3643 redit
543 3588 704 3658 fractaeque
728 3589 756 3643 in
808 3589 846 3644 sit
862 3589 948 3645 avitis
965 3604 993 3657 g.
1009 3587 1061 3653 Ill,
1083 3590 1142 3643 225,

212 3682 326 3745 pectora
349 3690 483 3744 quereus,
509 3676 584 3731 bella
607 3676 684 3744 cupit
705 3691 755 3742 pa-

216 3767 331 3831 stusque
349 3766 378 3815 et
395 3765 478 3830 capta
496 3767 621 3816 armenta
634 3762 757 3830 reposcit

215 3849 252 3915 ΙΙ,
274 3849 332 3900 323.

300 4141 412 4221 ltaque
433 4140 465 4203 in
492 4140 553 4205 hae
576 4161 701 4221 quoque
716 4140 906 4224 refontibus
922 4139 1036 4204 alienis
1052 4137 1155 4221 magis
1170 4159 1265 4219 quam
1282 4139 1349 4204 suis

212 4245 337 4315 hortum
362 4263 453 4311 suum
476 4243 629 4331 irrigasse
651 4243 776 4314 videtur
797 4243 930 4312 Statius.
960 4261 1063 4331 neque
1085 4248 1192 4311 tamen
1214 4241 1349 4312 imitatio
