2798 4830
527 352 570 360 -
617 316 679 398 [or]
725 351 768 361 -
1196 316 1234 375 7-

81 521 144 584 que
166 501 330 584 ingenium
353 503 536 587 perspicere
559 505 736 587 studemus,
763 511 798 570 ut
819 511 931 590 poetae
954 504 1098 570 carmina
1120 504 1214 569 auxi-

83 604 126 670 lio
148 612 262 689 poetae
279 606 383 691 ipsius
399 607 615 685 restituamus,
630 615 749 674 rectam
760 608 847 675 riam
860 607 1054 674 emendandi
1066 627 1125 673 nos
1140 627 1215 693 per-

82 707 174 801 sequi
188 729 281 791 nego.
315 716 412 794 atque
427 710 507 777 haee
527 711 673 797 inprimis
688 711 846 797 pertinere
869 711 913 778 ad
927 712 1065 777 Statium
1080 719 1216 797 apparet

83 831 124 876 ex
139 810 256 877 iudicio
272 813 400 897 optimo,
427 815 511 898 quod
533 814 610 880 fecit
631 815 671 882 de
688 836 727 881 eo
742 815 902 900 Hauptius
923 834 1033 900 opusc.
1051 815 1110 899 III,
1132 819 1210 882 128:

155 929 159 937 '
211 917 301 981 Αὖον
323 917 404 981 each
425 940 471 982 roo
493 917 550 982 wir
572 920 628 983 der
649 919 883 1005 tiberlieferuap
905 919 1007 984 sicher
1028 918 1111 997 sind,
1135 919 1217 984 coird

126 1020 159 1083 io
181 1021 235 1083 des
257 1020 380 1085 Statius
400 1022 564 1107 pedicbtea
586 1023 636 1086 die
657 1023 756 1088 kritilt
778 1023 919 1087 dedurcb
942 1023 1116 1104 erscbmert,
1142 1024 1216 1087 dass

127 1123 193 1186 nied
215 1122 267 1208 oft
287 1123 374 1188 aicit
387 1125 445 1189 mit
459 1124 626 1191 sicberdeit
641 1127 819 1191 bestimmea
834 1128 921 1207 idest,
948 1149 1012 1192 war
1026 1148 1100 1190 man
1114 1127 1216 1190 dieser

120 1229 229 1312 poesie
250 1238 403 1293 zutruuea
425 1229 516 1314 dors:
539 1253 573 1294 so
595 1230 667 1295 sehr
686 1231 805 1317 pefdllt
825 1230 891 1294 sicle
914 1233 970 1295 der
992 1231 1119 1316 ieqadte
1140 1231 1216 1295 aber

127 1333 225 1417 weaip
259 1333 474 1397 bedecbtrame
507 1334 629 1399 dicdter
661 1334 694 1399 ia
727 1357 920 1420 omwepeaer
951 1334 1128 1420 oteiqeraap
1160 1335 1217 1398 der

128 1435 383 1500 dberkommcnea
411 1436 680 1522 diod-tersproede,
719 1439 752 1502 ia
782 1439 987 1503 ermddeoder
1015 1437 1217 1522 rodseliqkeit

126 1541 193 1621 aad
212 1540 405 1604 doeemscbeo
426 1540 460 1604 in
481 1542 675 1627 diermdssiq
695 1542 1063 1627 zusammeopedrr‘tapter
1085 1541 1218 1605 duakler
1304 1617 1307 1626 ,

127 1642 243 1719 ledrze,·
271 1645 329 1708 dus
357 1645 513 1709 bestrebea
541 1646 602 1709 dea
631 1647 772 1710 ererbtea
799 1644 998 1729 redcformeo
1026 1667 1125 1708 aeaco
1151 1644 1216 1708 reiz

127 1770 167 1811 aa
189 1748 384 1835 uerscdcffca
406 1749 488 1813 coiret
506 1772 540 1813 so
561 1749 661 1835 weaip
683 1749 781 1814 durch
803 1749 937 1813 sabberes
958 1747 1073 1834 qefr'tdl
1091 1748 1217 1834 peleitet

26 1884 29 1888 ‡
127 1852 176 1914 ais
210 1860 350 1937 oerpdtet
381 1851 480 1917 durch
515 1852 756 1939 pedenteatc‘efc
788 1853 845 1918 wie
877 1852 911 1916 ia
944 1854 1001 1917 der
1031 1874 1131 1936 prosa
1162 1853 1217 1915 des

132 1955 268 2020 Tacitae.
316 1955 367 2040 oft
388 1957 456 2022 also
477 1957 520 2021 ist
535 1979 567 2020 ec
584 1957 678 2021 leicht
690 1979 729 2021 za
744 1980 847 2043 sapen,
874 1979 938 2020 was
952 1956 1003 2020 cio
1017 1955 1217 2041 eiafueherer

127 2061 194 2122 aad
205 2061 423 2125 messootlerer
437 2061 557 2125 diriter
570 2069 689 2146 pesetzt
702 2061 797 2141 ddtte,
823 2062 898 2125 ater
912 2059 1108 2143 zroeifellraft
1124 2059 1218 2123 bleibt

129 2186 177 2242 es,
203 2165 239 2228 od
263 2164 350 2227 nicht
370 2164 447 2227 doci
477 2188 536 2232 ooo
558 2164 680 2230 Statius
710 2164 862 2229 herrtthrt
890 2167 949 2227 dos
979 2161 1214 2243 defremdliode,

130 2269 187 2330 dos
209 2267 259 2330 die
280 2266 521 2352 bandseirifteo
544 2269 653 2333 bietea.

171 2372 343 2436 Praeterea
364 2378 471 2437 autem
502 2372 663 2438 nonnullis
693 2373 789 2453 locis,
828 2373 868 2438 de
901 2371 1016 2456 quibus
1045 2369 1219 2454 posteriore

84 2475 117 2539 in
140 2479 231 2558 parte
249 2473 344 2539 huius
368 2475 513 2559 opusculi
536 2475 739 2558 quaesiturus
761 2494 842 2557 sum,
869 2473 949 2540 ratio
965 2472 1157 2539 emendandi
1179 2493 1220 2538 ex

84 2576 126 2641 iis
149 2597 232 2659 quae
254 2582 384 2642 secutus
407 2584 458 2643 est
480 2578 636 2663 exemplis
657 2578 752 2644 facile
775 2579 890 2643 elucet.
1026 2582 1029 2588 '

172 2681 262 2758 Quae
277 2700 349 2745 cum
368 2682 415 2747 ita
437 2681 511 2763 sint,
537 2682 756 2765 quaestionem
779 2681 820 2746 de
840 2680 1018 2746 imitatione
1040 2679 1219 2764 Papiniano

85 2784 220 2849 institui.
267 2804 372 2869 neque
393 2791 501 2850 tamen
524 2783 592 2849 fieri
616 2785 727 2868 potuit,
755 2791 790 2850 ut
812 2785 919 2850 omnia
940 2784 1080 2850 omnium
1105 2783 1219 2848 earmi-

86 2909 162 2952 num
185 2887 278 2952 Statii
301 2888 450 2972 exempla
471 2887 678 2953 illustrarem.
719 2888 804 2970 quod
827 2888 989 2971 negotium
1012 2907 1217 2971 quamquam,

85 2998 121 3056 ut
149 2996 247 3057 totam
277 3012 344 3056 rem
370 2992 588 3074 absolverem,
620 2992 837 3057 necessarium
869 2991 947 3074 fuit,
984 2997 1092 3056 tamen
1122 2989 1220 3055 latius

86 3100 192 3179 patet,
218 3115 313 3177 quam
336 3101 372 3160 ut
392 3115 476 3160 nune
499 3094 606 3160 subire
628 3095 760 3188 possim.
793 3095 876 3160 hano
898 3095 938 3160 ob
961 3114 1110 3175 oausam,
1138 3113 1220 3177 quae

86 3198 211 3280 reliqua
234 3215 306 3264 esse
329 3196 425 3281 volui,
456 3198 629 3283 posteriore
653 3204 772 3276 aetate,
801 3200 828 3264 si
857 3198 1010 3264 valetudo
1032 3198 1123 3263 firma
1146 3196 1215 3279 erit,

86 3300 242 3382 adiciam,
274 3321 360 3366 nunc
381 3307 433 3384 ut,
467 3302 551 3384 quod
580 3308 676 3387 caput
698 3308 747 3368 est
769 3302 862 3367 huius
885 3301 1100 3385 quaestioniS,
1126 3322 1220 3386 pera-

86 3424 207 3488 gerem,
232 3403 402 3470 Thebaida
416 3405 510 3470 Statii
526 3426 596 3470 cum
612 3405 748 3489 Vergilii
764 3412 795 3470 et
809 3405 918 3471 Ovidii
934 3404 1129 3470 carminibus
1145 3425 1221 3470 con-

87 3506 171 3572 ferre
194 3505 274 3571 mihi
300 3507 462 3591 proposui.
503 3526 581 3573 sane
596 3508 766 3573 Thebaida
781 3515 813 3573 et
827 3508 1002 3573 maximum
1025 3507 1119 3573 huius
1142 3529 1220 3592 poe-

85 3617 138 3677 tae
160 3629 240 3695 opus
263 3628 334 3676 esse
357 3618 405 3692 et,
433 3616 561 3695 praeter
580 3611 776 3695 Vergilium,
804 3612 955 3678 Ovidium
978 3612 1148 3696 plurimum
1177 3613 1219 3678 ad

86 3715 277 3800 posteriores
299 3720 412 3799 poetas
434 3713 626 3798 pertinuisse
648 3721 725 3779 nota
747 3735 799 3779 res
822 3723 879 3780 est.

173 3819 373 3901 Quamquam
388 3818 421 3882 in
438 3817 595 3882 eiusmodi
610 3818 797 3901 quaestione
812 3841 874 3884 non
890 3821 992 3884 solum
1010 3819 1141 3884 difficile
1158 3825 1215 3899 est,

88 3941 170 4005 quae
193 3939 280 4003 casu,
307 3940 391 4003 quae
414 3927 500 3986 certo
523 3921 655 3988 consilio
681 3923 889 3999 consentiant,
916 3931 1000 3988 reete
1024 3923 1217 4004 discernere,

88 4025 147 4090 sed
167 4025 274 4108 etiam,
301 4045 373 4090 cum
396 4025 537 4090 carmina
551 4025 686 4108 Vergilii
708 4033 739 4090 et
756 4026 863 4092 Ovidii
879 4030 1068 4110 pervulgata
1092 4027 1219 4109 fuerint,

87 4128 196 4194 multis
218 4128 251 4193 in
274 4128 387 4210 rebus,
421 4148 503 4211 quae
527 4127 734 4194 imitationem
758 4129 871 4193 dooere
895 4130 1058 4209 uidentur,
1091 4131 1222 4194 <tullium

87 4238 154 4316 est,
188 4238 293 4300 utrum
326 4253 419 4298 usum
447 4231 586 4297 omnium
617 4253 658 4298 an
687 4234 744 4297 illa
767 4235 915 4317 exempla
937 4234 1007 4318 ipsa
1030 4242 1158 4299 secunus
1183 4236 1223 4299 sit
