2798 4830
215 306 255 370 sc
648 339 688 350 -
737 303 821 384 [nc]
869 340 911 349 -

274 530 277 534 ι
297 493 504 559 Locaenim
520 491 643 572 omnia,
654 491 769 573 quibus
781 511 918 575 magnae
929 510 981 557 res
992 492 1155 575 gerendae
1170 498 1255 572 sunt,
1267 512 1349 576 pau-

213 585 514 679 'eis'describuntur,
541 616 582 661 ne
605 596 704 678 locus,
731 615 793 678 quo
815 595 893 678 quid
906 595 981 677 'fiat
1007 594 1118 675 lectori
1140 595 1271 679 ignotus
1296 595 1347 661 sit.

211 693 400 794 plerumque
422 702 485 792 hae
504 699 740 794 *descriptiones
764 703 837 763 sunt
859 719 934 781 eae,
974 705 1010 764 ut
1038 686 1150 765 ordine
1178 698 1347 766 verborum

210 810 283 894 ipso
306 806 498 891 conspicuae
514 804 587 887 sint,
607 794 793 886 namnulla
816 802 1036 869 coniunctione
1058 803 1169 868 addita
1191 803 1349 889 incipiunt

211 911 350 977 acerbo
373 926 465 975 esse
498 907 553 972 vel
580 907 689 974 abeo
716 906 937 989 substantivo,
975 906 1061 991 quod
1093 913 1189 992 caput
1211 907 1259 974 rei
1282 913 1343 973 est.

212 1003 385 1098 exempla,¹
399 1006 481 1096 quae
504 1010 631 1094 collegi,
647 1016 733 1076 >sunt
753 1009 851 1075 haec:

246 1158 309 1226 est
323 1151 430 1226 ,loeus
453 1148 595 1215 (Inachiae
619 1148 752 1205 dixerunt
837 1153 892 1202 est
907 1148 1024 1230 locus,
1040 1147 1202 1231 Hesperiam
1216 1149 1283 1205 Grai
1299 1166 1347 1205 co-

211 1239 339 1312 Taenara
355 1240 460 1311 gentes)
483 1251 537 1306 qua
555 1235 592 1298 ΙΙ,
613 1236 655 1288 32.
803 1233 932 1303 gnomine
951 1233 1048 1290 dieunt
1066 1232 1088 1299 I,
1105 1237 1163 1290 530.
1184 1234 1236 1303 III,
1254 1238 1313 1288 163.

345 1320 349 1326 ’
745 1370 749 1398 Ι,
837 1321 939 1395 estin
957 1336 1069 1394 secessu
1088 1322 1171 1391 longo
1199 1323 1302 1379 locus
1320 1324 1343 1387 Ι,

703 1439 704 1442 =
806 1408 863 1460 159.
1042 1408 1046 1415 '

246 1501 306 1569 stat
321 1512 405 1568 super
417 1535 424 1548 .
436 1536 458 1549 ..
473 1495 575 1550 lucus
587 1495 670 1560 iners,
687 1493 753 1550 suh-
772 1551 775 1558 ,
814 1561 816 1564 ⁴
838 1491 940 1548 lucus
958 1491 988 1547 in
1005 1493 1073 1548 urbe
1092 1492 1146 1549 tuit
1159 1536 1211 1561 ...,
1227 1496 1347 1555 laetissi-

212 1590 310 1657 terque
328 1583 364 1647 X,
386 1584 427 1637 84.
644 1586 646 1590 ’
674 1630 676 1634 ,
804 1589 865 1634 mus
877 1580 992 1635 umbrae
1011 1580 1114 1645 1,.441.

248 1671 351 1725 luens
363 1667 503 1737 Agenorei
517 1665 644 1721 sublimis
657 1666 693 1720 ad
706 1658 752 1719 or·¹
839 1665 928 1722 silva
945 1664 1027 1722 vetus
1046 1667 1165 1722 stabat
1188 1667 1266 1721 nulla
1285 1667 1343 1722 vio-

212 1755 259 1825 gia
276 1753 380 1809 Bacchi
398 1753 521 1809 stabat
537 1753 597 1806 ach.
619 1752 642 1814 Ι,
662 1753 721 1804 593.
767 1785 769 1790 -
804 1751 862 1807 lata
881 1752 972 1807 securi
990 1769 1025 1806 m.
1046 1753 1098 1816 ΙΙΙ,
1119 1754 1161 1807 28.

215 1908 217 1916 ⁴
246 1841 315 1897 urbe
333 1838 532 1915 fuitmedia.
549 1878 555 1893 .
572 1880 578 1893 .
597 1854 659 1894 ara
671 1837 751 1917 deum
838 1839 934 1905 ingens
949 1855 1006 1894 ara
1025 1837 1094 1894 tuit
1105 1840 1239 1911 iuxtaque
1252 1843 1344 1895 veter-

212 1928 279 1993 XII,
299 1928 359 1979 482.
804 1919 874 1980 rima
892 1925 986 1981 laurus
1004 1925 1041 1990 Π,
1063 1927 1121 1978 513.

246 2027 399 2083 quercus
417 2012 751 2067 eratteneraeiamlon·
804 2005 808 2074 J
838 2010 952 2065 turris
967 2016 1136 2069 eratrasto
1149 2019 1283 2084 suspectu
1292 2014 1341 2078 IX,

213 2115 279 2168 gum
297 2097 386 2152 oblita
403 2095 534 2152 iuventae
552 2096 669 2172 11›,⁷⁰⁷·
805 2094 862 2150 530.

212 2250 217 2258 .
246 2188 338 2239 nota.
360 2224 366 2236 .
387 2223 395 2236 .
420 2198 570 2253 quercus
596 2188 676 2238 erat
698 2184 749 2251 IX,
862 2190 864 2197 ⁴

213 2273 272 2324 585.

245 2356 339 2412 stabat
356 2357 515 2425 gramineae
533 2356 670 2426 producta
691 2371 752 2411 cre-

211 2444 307 2513 pidine
338 2444 417 2513 ripae
439 2483 491 2498 ...
515 2442 681 2498 fraxinus
698 2442 750 2509 IX,

210 2529 305 2599 rora)

296 2633 354 2698 His
382 2633 590 2718 praemonitis
612 2639 746 2700 trenaee
763 2634 806 2701 ad
827 2635 972 2718 singulos
994 2655 1073 2718 quos
1098 2635 1217 2702 contuli
1238 2637 1339 2702 locos:

209 2737 339 2822 plurimi
361 2757 402 2802 ex
414 2736 474 2802 'his
497 2743 675 2821 congruunt
696 2737 753 2818 ita,
779 2744 814 2804 ut
822 2739 964 2805 alterum
981 2741 1021 2804 ex
1037 2739 1138 2804 altero
1153 2745 1256 2804 ortum
1272 2759 1343 2806 esse

211 2860 371 2908 censeam.

212 3021 215 3025 ,
245 2966 333 3029 antra¹
344 2961 482 3016 deserit
496 3002 501 3013 .
513 3001 536 3015 ..
550 2961 615 3016 inde
630 2963 751 3033 plagam,
817 3000 819 3007 -
840 2962 973 3016 deserit
989 2962 1116 3031 angustis
1131 2962 1269 3018 inclusum
1281 2963 1343 3019 fau-

209 3064 265 3118 qua
296 3048 380 3102 molle
396 3077 398 3082 ·
414 3049 516 3103 sedens
540 3047 568 3101 in
598 3049 682 3117 plana
706 3048 754 3104 ci-
805 3049 883 3104 cibus
903 3048 1038 3114 Isthmon,
1059 3048 1230 3120 Cypselidae
1250 3051 1343 3119 magni

100 3133 105 3141 '
212 3135 328 3191 thaeron
340 3134 492 3204 porrigitur
506 3175 512 3188 .
526 3174 548 3189 ..
565 3135 751 3203 praeterit.
805 3130 932 3189 florentia
944 3133 1030 3204 reg'n'a
1043 3134 1221 3200 Corinthi;
1241 3152 1344 3204 prae-

213 3221 277 3276 hinc
295 3227 355 3276 arte
374 3220 521 3289 scopuloso
537 3221 566 3274 in
582 3220 670 3274 limite
687 3236 754 3291 pen·
806 3221 889 3276 terit
915 3221 1049 3289 abruptas
1074 3220 1229 3276 Scironis
1255 3225 1344 3293 proti-

211 3308 280 3363 dens
312 3305 429 3361 infames
454 3306 604 3362 Scirone
629 3312 753 3375 petras
805 3322 856 3360 nus
875 3322 978 3362 arces
1078 3308 1255 3379 linquitur
1279 3315 1343 3364 ante

210 3393 394 3463 Scyllaeaque
424 3409 488 3462 rura
513 3434 519 3446 .
541 3433 574 3447 ..
602 3392 751 3461 mitemque
805 3395 876 3466 alias
899 3393 983 3462 longe
1004 3394 1268 3466 gratissimaDelos
1292 3396 1341 3450 eir.

210 3479 407 3534 Corinthon
426 3478 559 3546 linquit
576 3479 599 3542 I,
620 3480 693 3553 329.Ι
802 3480 861 3531 463.

243 3587 322 3646 †ore
349 3583 469 3636 minatur
495 3582 617 3649 hiemps,
651 3582 750 3636 venti
836 3582 935 3635 mutati
954 3544 1166 3638 transversa
1189 3582 1343 3639 fremunt

209 3673 424 3723 transversa
442 3666 638 3722 frementes
655 3668 677 3730 1,
688 3670 747 3721 348.
804 3669 972 3722 ...venti
990 3669 1025 3732 V,
1049 3672 1088 3722 19.

242 3776 319 3837 †ast
345 3773 393 3826 alii
423 3771 553 3826 tenebras
580 3776 609 3826 et
635 3787 769 3840 opacam.
836 3771 993 3838 dependent
1019 3772 1139 3843 lychni
1163 3775 1342 3843 laquearibus

209 3860 358 3913 vincere
379 3861 517 3912 noctem
541 3858 668 3926 adgressi
686 3863 750 3912 ten·
801 3857 921 3912 aureis
939 3857 1045 3913 incensi
1064 3863 1093 3913 et
1110 3864 1247 3914 noctem
1266 3859 1343 3915 llam-

209 3946 279 3998 dunt
304 3945 444 3999 auratis
469 3944 581 3998 vincula
605 3944 749 4014 lychnis
801 3943 853 3997 mis
871 3941 977 3999 funalia
995 3946 1142 3999 vincunt
1158 3945 1182 4009 Ι,
1203 3948 1260 4000 726.

208 4031 232 4098 Ι,
253 4032 311 4085 520.
421 4038 426 4047 “

210 4163 411 4172 -·-——-—-

277 4237 306 4306 ²²)
328 4237 451 4313 reliquos
469 4237 545 4297 locos
563 4237 629 4294 vide
646 4236 720 4311 apud
738 4235 840 4295 Luehr.
860 4236 879 4292 l.
894 4237 912 4293 l.
932 4253 995 4313 pag.
1017 4239 1047 4292 31
1055 4253 1093 4296 ss.
