2798 4830
208 340 267 400 rar
641 377 685 386 -
732 340 816 422 [212]
863 377 906 386 -

209 527 295 610 qucd
318 527 477 592 sacerdoti
500 526 670 593 adiunctus
693 533 764 593 est?
789 548 872 611 quae
891 529 1010 593 insana
1033 535 1065 593 et
1087 529 1189 595 Statio
1211 526 1347 610 indigua

208 637 243 696 ut
265 648 415 696 sanemus

516 718 579 770 dum
598 717 664 770 tr'bc'
680 736 725 770 rue
744 718 861 770 iunctam

209 805 242 869 in
521 814 582 882 dum
599 813 682 866 rrribr'
698 818 727 866 te
745 813 862 866 carectum

208 925 405 1009 corrigemus
427 944 560 992 necesse
583 932 642 991 est.

704 1068 844 1077 ...-

279 1149 359 1217 llll,
374 1148 422 1203 462
438 1150 559 1220 paudum
571 1151 668 1216 (Pluto)
690 1150 778 1204 crucia
796 1168 888 1220 repca,
910 1152 934 1203 si
947 1152 1046 1220 placet,
1068 1157 1092 1204 et
1106 1152 1200 1221 sepeio
1221 1158 1346 1221 praetec-

211 1244 267 1291 tum
286 1236 447 1307 Hyperiona
465 1237 523 1288 cael
540 1279 545 1291 .
1194 1240 1198 1252 ยน

209 1341 255 1407 ita
277 1340 433 1424 praebent
448 1339 506 1405 alii
518 1340 655 1421 codices,
672 1340 936 1425 aliipraetecam,
955 1361 1051 1423 quam
1066 1341 1237 1408 lectionem
1254 1342 1348 1426 lunge

212 1444 457 1529 praeferendam
474 1463 545 1511 esse
560 1444 721 1511 intellexit
736 1445 938 1528 Duebnerru
966 1445 1103 1529 primum
1119 1445 1215 1529 euim,
1242 1453 1279 1511 ut
1293 1448 1349 1513 cb-

208 1550 326 1615 iectum
356 1556 554 1632 praetectum
582 1549 772 1634 Hyperiona
802 1569 841 1613 ex
871 1549 969 1614 verbc
999 1549 1163 1633 pandendi
1192 1550 1345 1635 pendeat,

208 1653 293 1736 quud
316 1673 452 1736 zeugma
480 1651 535 1717 vix
567 1671 605 1717 ac
635 1672 675 1717 ne
705 1652 760 1718 vix
783 1651 912 1735 quidem
934 1653 1105 1732 toleratur,
1137 1654 1227 1719 nullu
1254 1654 1347 1720 mudc

207 1757 276 1822 ficri
291 1761 406 1842 potest.
440 1755 569 1834 deinde,
587 1755 770 1839 quicunque
786 1756 866 1822 haec
888 1755 987 1820 verba
1008 1756 1133 1838 legerit,
1162 1756 1245 1822 duas
1268 1778 1348 1840 quas

210 1860 346 1925 dicimus
377 1859 578 1926 coordinatus
612 1860 786 1925 sententias
820 1861 1034 1945 exspectabit,
1073 1881 1208 1943 quarum
1231 1861 1345 1940 altera,

212 1984 295 2046 quac
311 1984 350 2030 cx
369 1963 472 2048 prima
492 1963 581 2048 fiunt,
603 1962 776 2046 significan
804 1963 935 2048 saepius
950 1963 996 2029 ita
1010 1964 1147 2049 iungunt
1172 1965 1348 2032 sententias

209 2073 335 2153 poetae.

277 2265 440 2359 vui,410=
459 2288 584 2360 Iuppiter
602 2291 676 2344 omui
692 2304 773 2347 arce
790 2296 867 2346 louet

210 2395 428 2462 circumfertur
456 2395 490 2459 in
525 2395 672 2461 omnibus
699 2395 873 2463 codicibus.
928 2417 1010 2480 quae
1037 2403 1142 2462 utrum
1170 2402 1260 2463 reeta
1287 2397 1350 2462 sint

210 2521 252 2565 an
268 2499 352 2565 falsa
365 2504 401 2563 ut
416 2497 592 2564 diiudicare
607 2498 779 2584 possimus,
803 2499 1052 2584 significationes
1069 2500 1261 2566 substantivi
1284 2521 1349 2566 ar-

207 2603 267 2669 cis
289 2607 437 2668 accurate
460 2607 534 2668 sunt
554 2602 816 2686 perscrutandae.

295 2705 486 2789 Principalis
516 2705 565 2771 vis
595 2725 677 2788 quae
710 2705 796 2771 inest
822 2706 856 2770 in
885 2706 945 2771 hcc
968 2706 1167 2773 substantivo
1190 2712 1266 2772 nuta
1288 2713 1345 2773 cst

210 2810 367 2876 translata
386 2808 629 2892 significatione,
656 2827 720 2890 qua
743 2809 776 2874 in
799 2809 981 2875 universum
1004 2810 1127 2876 aedes
1150 2810 1202 2876 rel
1226 2811 1349 2877 sedes

213 2913 344 2980 deorum
368 2912 569 2997 exprimitur,
596 2913 783 2996 plerumque
806 2934 826 2977 a
847 2914 952 2998 puetis
975 2912 1152 2979 adhibitum
1175 2920 1207 2980 et
1229 2915 1263 2979 in
1285 2914 1351 2980 sin-

214 3016 319 3102 gulari
342 3016 429 3081 etin
451 3015 570 3099 plurali
596 3036 728 3081 numero
758 3016 894 3102 primum
918 3017 1078 3101 significat
1107 3037 1146 3083 ea
1172 3024 1350 3100 quaesunt

212 3122 246 3187 in
268 3127 382 3186 terra
404 3119 574 3202 templa:

282 3223 349 3278 Hor.
359 3237 441 3278 carm.
452 3223 475 3286 1,
490 3223 514 3288 2,
530 3224 559 3274 3:
581 3224 689 3276 dexteru
701 3239 793 3277 rueras
806 3223 936 3278 iaculatus
948 3241 1022 3278 arcer
1034 3224 1129 3278 terruit
1140 3225 1240 3279 urbem.
1261 3225 1348 3280 Theb.

214 3313 250 3376 V,
267 3313 330 3363 100:
357 3327 521 3378 summaeque
548 3309 584 3361 ud
601 3308 729 3364 Pallados
748 3327 831 3365 arces.
869 3309 940 3365 Aen.
961 3311 999 3376 H,
1020 3313 1087 3365 319:
1112 3313 1182 3366 arca
1201 3312 1350 3382 Phoebique

211 3398 341 3453 sacerdos.

297 3482 424 3549 Deinde
447 3502 611 3564 nunquam
633 3482 697 3548 nisi
721 3483 876 3567 singulari
892 3505 1023 3551 numeru
1038 3484 1125 3550 idem
1140 3491 1242 3568 sonat,
1265 3486 1349 3569 qucd

212 3589 353 3655 dumus
376 3587 428 3651 vel
450 3586 546 3650 aula
568 3587 621 3650 vel
644 3585 764 3652 sedes
795 3587 941 3670 deorum,
972 3589 1110 3671 quaein
1134 3589 1223 3654 caelu
1246 3587 1350 3654 factae

211 3691 318 3778 pctius
340 3690 503 3773 finguntur
525 3710 620 3772 quam
644 3689 899 3775 conspiciuntur3
936 3692 1045 3774 itaque
1075 3693 1264 3777 plerumque
1294 3691 1352 3757 ad-

211 3796 386 3879 iunguntur
409 3793 490 3859 haec
511 3793 689 3860 adiectiva:

462 3897 618 3962 excelsa,
639 3899 753 3962 celsa,
774 3913 915 3962 summa,
937 3912 1077 3967 supera.

297 3982 446 4068 exempla
469 3989 544 4050 sunt
565 3984 661 4051 haec:

213 4295 223 4348 l
260 4227 316 4351 tffll
339 4228 406 4308 quid
420 4232 590 4298 praetectum
609 4226 770 4296 Hyperiona
794 4227 822 4281 in
841 4241 873 4280 ec
893 4243 974 4297 quem
992 4227 1083 4284 edidit
1095 4229 1186 4298 anpy
1206 4235 1284 4284 textu
1303 4245 1351 4283 va-

225 4310 258 4350 ea
288 4312 394 4352 nescio.
