2798 4830
573 339 617 348 -
664 304 748 384 [170]
794 341 837 350 -

215 491 358 572 sequitur
379 491 508 558 domus:

163 613 324 681 pressisque
337 612 489 666 silentia
501 615 670 683 pennismu-
757 630 813 668 non
831 614 899 683 vigil
918 615 992 669 ales
1011 615 1051 669 ibi
1068 601 1179 670 cristati
1199 632 1261 670 can-

129 703 159 751 ta
188 698 302 763 sedent,
334 699 505 768 abiguntque
535 706 628 755 truces
654 717 671 753 a
722 700 798 755 tibus
825 700 882 754 oris
909 706 1008 754 evocat
1031 699 1184 765 Auroram,
1214 718 1261 756 nec

130 785 249 838 culmine
272 789 371 840 ventos
393 791 423 840 et
450 801 561 839 ramos
579 801 671 840 errare
722 802 792 840 voce
805 787 955 840 silentia
972 792 1103 854 rumpunt
1115 789 1262 843 sollicitive

130 875 229 924 vetant
252 876 281 924 et
302 887 441 925 murmura
465 872 579 926 demunt
601 871 671 925 ali·
722 887 806 926 canes
834 872 986 927 canibusve
1013 875 1141 941 sagacior
1173 891 1259 928 anser.

129 957 237 1011 tibus:
259 974 314 1011 non
326 957 371 1010 hic
383 958 485 1027 pelagi,
500 959 568 1012 licet
579 958 672 1012 omnia
722 974 778 1012 nen
808 957 882 1023 fera,
914 974 970 1011 non
999 963 1173 1027 pecudes,
1211 977 1261 1014 non

129 1044 250 1098 clament
267 1043 358 1108 litora,
378 1061 434 1098 non
452 1044 510 1098 illic
528 1045 599 1098 caeli
617 1042 672 1097 fra·
723 1045 791 1098 nreti
804 1042 914 1098 flamine
933 1045 1018 1098 rami
1036 1045 1211 1100 humanaeve
1223 1061 1263 1099 so

128 1145 192 1196 gur,
219 1131 280 1198 ipse
297 1128 443 1197 profundis
460 1130 582 1186 vallibus
600 1130 672 1184 effu·
723 1147 788 1184 num
824 1130 945 1184 reddunt
979 1132 1106 1186 convicia
1143 1133 1260 1200 linguae.

129 1216 208 1282 giens
236 1216 385 1284 speluncae
411 1217 553 1284 proximus
582 1216 672 1270 amnis
723 1217 911 1284 mutaquies
924 1217 1042 1272 habitat.
1073 1234 1161 1272 saxo
1174 1224 1262 1272 tamen

129 1316 215 1355 saxa
232 1303 305 1356 inter
323 1302 509 1374 scopulosque
521 1308 609 1357 tacet:
630 1303 672 1355 ni·
723 1303 781 1356 exit
804 1303 840 1357 ab
863 1303 919 1356 imo
941 1303 1018 1358 rivus
1041 1319 1132 1375 aquae
1150 1304 1261 1370 Lethes,

128 1387 239 1454 grantia
257 1388 331 1442 circa
348 1397 487 1454 armenta,
513 1404 594 1443 omne
611 1389 672 1441 solo
722 1406 772 1458 per
791 1405 871 1458 quem
890 1404 952 1442 curn
964 1407 1103 1444 murmure
1115 1390 1213 1444 labens
1226 1391 1264 1443 in·

130 1473 245 1527 recubat
260 1489 369 1542 pecus
388 1474 424 1540 X,
445 1477 556 1527 91—98.
586 1475 671 1529 limen
723 1475 796 1529 vitat
825 1492 936 1530 somnos
963 1477 1165 1547 crepitantibus
1192 1477 1263 1530 unda

128 1575 217 1627 opaca
235 1558 334 1623 Quies
354 1568 383 1616 et
397 1601 423 1614 ..
444 1569 557 1616 servant
569 1562 605 1624 X,
626 1563 668 1616 89.
723 1561 827 1631 lapillis
844 1579 881 1616 m.
895 1563 947 1626 XI,
962 1566 1107 1616 sav-604.

216 1663 352 1730 Somnus
374 1664 459 1749 ipse:

164 1783 240 1852 ipse
258 1790 366 1849 autem,
386 1800 492 1840 vacuus
511 1778 599 1851 curis,
620 1785 673 1841 hu·
759 1791 789 1840 at
807 1787 898 1840 medio
917 1792 994 1841 torus
1013 1791 1065 1852 est,
1090 1786 1180 1840 ebeno
1199 1785 1263 1840 sub-

130 1870 235 1923 mentia
265 1872 360 1925 subter
389 1876 491 1924 antra
517 1873 672 1940 soporifero
725 1873 799 1926 limis
809 1873 1117 1941 inantr0‚plumeus,
1129 1870 1262 1934 unicolor,

129 1956 249 2025 stipatos
255 1954 332 2016 flore,
342 1961 452 2024 tapetas
465 1959 669 2022 incubat346)
723 1959 801 2025 pullo
813 1960 951 2013 velamine
963 1964 1069 2013 tectus:
1091 1973 1147 2027 quo
1160 1957 1264 2011 cubat

131 2083 137 2092 .
153 2084 159 2095 .
177 2083 183 2094 .
204 2047 232 2095 et
245 2058 361 2112 corpore
373 2043 556 2112 pigrossstrata
568 2045 669 2098 calent.
723 2045 757 2113 ip
766 2061 802 2099 se
820 2045 889 2100 deus
901 2046 1033 2100 membris
1045 2044 1180 2112 languore
1194 2044 1265 2098 solu-

723 2131 760 2184 tis
778 2147 813 2183 m.
834 2130 884 2193 XI,
905 2133 1051 2186 610-613.

162 2215 266 2268 adsunt
283 2215 428 2270 innumero
446 2218 575 2270 circum
596 2231 670 2285 vaga
756 2216 829 2270 hunc
846 2218 943 2271 circa
966 2219 1071 2286 passim
1089 2217 1183 2271 varias
1202 2217 1263 2269 imi-

129 2297 377 2366 Scmnia'vultu,
398 2317 465 2356 vera
483 2303 565 2356 simul
578 2302 667 2367 falsis,
722 2301 811 2355 tantia
834 2301 938 2357 formas
961 2301 1110 2357 Somnia.
1125 2317 1199 2357 vana
1223 2303 1264 2354 ia-

128 2387 319 2455 permixtaque
337 2388 430 2442 tristia
447 2388 568 2443 blandis.
721 2394 786 2442 cent
803 2389 921 2444 totidem
938 2406 974 2445 m.
995 2390 1045 2454 XI,
1065 2392 1126 2442 613.

164 2472 264 2536 tenuis,
281 2474 328 2543 qui
341 2475 441 2550 circuit
452 2475 552 2541 aulam,
568 2475 670 2529 invali-
757 2475 915 2545 dubiaeque
939 2476 1102 2546 crepuscula
1125 2476 1197 2530 lucis
1226 2491 1261 2529 m.

129 2559 181 2613 dus
199 2561 274 2614 nitor
291 2561 327 2626 X,
350 2563 494 2614 lde-116.
723 2560 773 2618 XI.
790 2563 849 2616 596.

214 2666 275 2732 Iris
297 2665 443 2732 advenit:

163 2789 218 2843 huc
235 2806 265 2844 sc
284 2788 412 2844 caeruleo
433 2788 548 2842 libravit
564 2789 600 2844 ab
618 2805 671 2844 ae-
756 2804 811 2859 quo
829 2787 912 2841 simul
929 2788 1060 2850 intravit,
1081 2787 1264 2857 manibusque

130 2875 208 2928 there
237 2875 339 2943 virgo
369 2874 502 2928 discolor:
535 2876 671 2944 effulgent
722 2875 864 2929 obstantia
881 2875 984 2940 virgo
1003 2873 1115 2928 Somnia
1133 2874 1262 2947 dimovit,

128 2961 217 3015 silvae
241 2960 444 3030 tenebrosaque
468 2961 573 3032 Tempe
600 2962 670 3016 arri-
721 2960 810 3015 vestis
836 2959 945 3028 fulgore
973 2958 1075 3013 reluxit
1099 2975 1179 3013 sacra
1203 2961 1263 3013 do-

128 3062 189 3100 sere
208 3048 277 3101 deae
295 3052 324 3101 et
342 3047 421 3101 zonis
438 3047 597 3102 lucentibus
614 3048 670 3101 icta
722 3063 808 3100 mus:
846 3047 983 3116 tardaque
1019 3045 1089 3099 deus
1124 3045 1265 3113 gravitate

129 3133 246 3201 evigilat
269 3134 402 3195 domus,
429 3134 489 3203 ipse
508 3140 599 3188 autem
617 3149 669 3187 nec
721 3135 845 3187 iacentes
863 3133 912 3186 vix
929 3131 1025 3186 oculos
1038 3131 1140 3185 tollens
1153 3133 1266 3183 iterum-

128 3219 256 3288 lampade
283 3220 371 3286 clara,
403 3235 454 3274 nec
481 3219 589 3283 sonitu,
618 3235 670 3272 nee
722 3234 775 3287 que
794 3219 949 3289 iterumque
966 3219 1096 3273 relabens
1114 3234 1149 3270 m.
1162 3218 1198 3279 X,
1214 3218 1264 3269 616

128 3320 198 3359 voce
209 3305 287 3359 Deae
305 3307 458 3375 perculsus,
480 3307 577 3360 ecdem
594 3321 670 3360 more
721 3307 817 3359 —619.
1016 3310 1018 3314 '

128 3393 217 3458 iacet,
244 3392 334 3447 donec
352 3393 446 3447 radios
464 3393 501 3457 X,
524 3393 668 3444 tls-123.

213 3514 303 3579 Haec
318 3521 401 3596 sunt,
420 3534 503 3597 quae
518 3519 665 3600 spectant
686 3512 729 3577 ad
752 3512 914 3578 domum.
932 3548 976 3557 —
990 3513 1098 3575 Pauca
1119 3518 1258 3576 restant:

161 3637 253 3701 †iam
266 3635 385 3690 Somnus
396 3635 498 3688 amaris
516 3634 670 3703 inserpit
756 3640 866 3700 tempus
895 3637 964 3695 crat,
993 3645 1048 3699 quo
1077 3630 1166 3698 prima
1184 3631 1262 3698 quies

128 3723 225 3776 curis
248 3736 408 3791 pronusque
425 3736 559 3790 peraeta
577 3724 666 3782 nutat,
722 3717 886 3772 mortalibus
910 3717 1002 3785 aegris
1025 3715 1125 3785 incipit
1142 3723 1171 3770 et
1189 3716 1263 3769 dono

127 3813 208 3877 grata
237 3808 380 3862 laboratae
410 3807 534 3862 referens
563 3806 670 3860 oblivia
721 3805 814 3858 divom
832 3804 992 3872 gratissima
1010 3803 1123 3872 serpit
1141 3802 1178 3866 Il,
1202 3804 1260 3854 268.

89 3871 94 3899 ¹
127 3895 204 3950 vitae
222 3895 245 3959 I,
265 3896 324 3946 339.
755 3897 849 3947 cetera
866 3906 915 3959 per
928 3896 1017 3943 terras
1029 3890 1119 3943 omnis
1132 3890 1264 3943 animalia

721 3992 818 4031 sonrno
842 3977 976 4031 laxabant
998 3991 1101 4030 curas
1125 3982 1154 4029 et
1178 3977 1263 4030 corda

719 4063 809 4118 oblita
827 4062 953 4118 laborum
971 4062 1021 4126 IX,
1043 4064 1102 4114 224.

199 4260 228 4324 ⁴⁶]
249 4257 283 4312 cf.
305 4256 436 4325 Append.
457 4255 519 4309 crit.
