2798 4830
223 319 263 382 60

218 505 296 574 prior
312 507 433 576 impetus
451 507 525 573 alno,
550 507 602 561 sed
619 507 697 563 labat
714 525 762 564 ex-

219 597 325 647 tantem
338 592 436 648 rostris
454 592 551 647 modo
568 594 714 662 gurgite
732 595 760 648 in

220 679 288 734 imo
305 695 395 735 nunc
416 681 514 735 caelo
531 679 648 734 Tritona
668 679 760 736 ferens

219 765 255 831 v,
276 766 335 818 aee.

251 1493 553 1564 laevasdextrasque
566 1493 757 1568 obtorquet

217 1579 245 1632 in
263 1579 376 1634 undas
393 1593 530 1648 proram
547 1580 582 1647 V,
603 1584 662 1634 414.

250 1681 453 1754 hospitibus
478 1687 629 1753 patuere
658 1683 756 1741 fores

215 1769 249 1833 V,
270 1770 329 1822 449.

249 1877 279 1926 et
290 1873 451 1929 clementior
468 1879 589 1930 auster
604 1874 684 1929 vela
695 1890 754 1930 vo-

215 1963 272 2014 cat
288 1960 325 2025 V,
339 1961 399 2013 468.

248 2149 333 2205 illos.
349 2190 356 2203 .
373 2191 379 2204 .
396 2194 402 2206 .
422 2165 537 2220 spumea
553 2151 675 2220 porreeti
687 2150 755 2207 diri-

214 2241 321 2292 mentes
333 2241 413 2306 terga
423 2234 554 2308 profundi
564 2238 754 2308 prosequi-

213 2338 285 2377 mur
302 2322 381 2377 visu
399 2322 434 2389 V,
453 2325 513 2377 481.

246 2426 753 2497 †terrigenaexoriturserpens,...

212 2511 372 2570 lividafax
387 2513 516 2577 oculis,
537 2513 664 2569 tumidi
681 2518 755 2570 stat

213 2599 242 2653 in
260 2615 308 2655 ore
325 2601 459 2655 veneni
478 2615 575 2670 spuma
585 2602 687 2668 virens,
702 2606 755 2658 ter

213 2686 332 2755 lingua
355 2686 488 2754 vibrat,
518 2690 620 2742 terna
643 2688 754 2756 agmina

212 2772 344 2827 adunci
382 2773 520 2840 dentis,
558 2778 587 2828 et
604 2778 753 2830 auratae

213 2859 336 2913 crudelis
353 2859 444 2928 gloria
462 2856 548 2914 fronti
566 2859 705 2929 prominet
714 2860 750 2925 V,

212 2947 270 2998 566.

244 3221 377 3284 †utinam
388 3222 482 3291 plures
494 3223 675 3280 innectere
690 3240 752 3295 per-

210 3322 270 3376 gas,
290 3305 413 3372 Phoebe,
432 3324 546 3363 moras
563 3310 600 3375 V,
621 3313 678 3364 743.

245 3394 294 3449 dat
312 3394 465 3450 sonitum
482 3396 576 3460 tellus,
594 3412 751 3452 nemorum-

210 3494 264 3548 que
287 3494 337 3547 per
362 3482 428 3536 avia
454 3481 533 3537 densi
552 3482 752 3539 dissultant

209 3580 297 3620 nexus
315 3566 352 3628 V,
372 3569 432 3622 565.

243 3651 373 3715 'sillum
388 3694 393 3705 .
408 3691 416 3706 .
433 3693 439 3706 .
455 3691 461 3705 .
476 3652 592 3709 floribus
610 3657 639 3708 et
656 3655 750 3709 vernis

209 3737 342 3793 adsuetae
361 3754 491 3809 spargere
508 3739 693 3810 nymphae,
722 3746 751 3796 et

208 3824 325 3878 Nemees
359 3829 485 3893 reptatus
516 3841 583 3893 ager
616 3826 749 3896 lucosque

208 3925 258 3978 per
278 3911 367 3965 omnis
385 3910 576 3966 silvicolae
594 3910 684 3967 fracta
701 3924 767 3981 ge-·

208 3996 318 4052 eruistis
335 3996 499 4063 harundine,
520 3995 618 4053 fauni
636 3997 670 4064 V,
688 4001 747 4051 579.

242 4089 412 4139 resonant
428 4083 629 4141 ululatibus
641 4085 748 4142 aedes

208 4169 243 4237 V,
263 4171 323 4225 697.

659 357 701 366 -
749 322 832 403 [rso]
880 355 922 367 -

816 548 890 564 ....
911 513 941 563 et
957 524 1030 562 nunc
1048 508 1176 564 sublimis
1201 513 1291 566 veluti
1321 513 1354 567 de

813 595 918 652 vertice
936 596 1038 651 montis
1057 595 1201 673 despicere
1218 596 1248 652 in
1266 600 1355 653 valles

811 681 982 753 imumque
1018 678 1182 739 Acheronta
1221 683 1352 739 videtur:

745 831 748 834 .
812 768 963 823 nuncubi
989 769 1138 824 demissam
1164 785 1280 827 curvum
1299 772 1354 826 'cir-

811 854 953 910 cumstetit
975 869 1123 940 aequor,
1150 856 1293 926 suspicere
1314 858 1354 912 in-

810 939 889 996 ferno
906 955 1040 995 summurn
1059 941 1096 996 de
1113 943 1256 1012 gurgite
1274 959 1353 1000 cae-

809 1029 877 1083 lum
896 1043 932 1082 m.
952 1027 1003 1093 XI,
1024 1031 1082 1081 tat.

842 1130 872 1186 hi
889 1145 996 1186 summo
1019 1132 1048 1186 in
1073 1130 1160 1190 fluctu
1177 1136 1349 1204 pendent,

809 1217 853 1274 his
870 1217 961 1273 unda
984 1218 1132 1274 dehiscens
1153 1224 1256 1276 terram
1279 1222 1352 1278 inter

808 1303 909 1361 fluctus
926 1307 1025 1374 aperit,
1045 1304 1114 1361 furit
1129 1311 1226 1362 aestus
1239 1308 1351 1363 harenis

807 1389 829 1455 I,
854 1392 911 1446 106.

841 1495 1020 1550 contorsit
1053 1495 1177 1552 laevas
1212 1513 1350 1567 proram

806 1580 955 1636 Palinurus
972 1582 1010 1636 ad
1028 1581 1141 1638 undas
1158 1581 1210 1649 ΙΙΙ,
1231 1586 1290 1636 562.

800 1727 803 1735 .
842 1693 873 1736 et
895 1682 1102 1752 hospitibus
1125 1685 1231 1741 ianua
1253 1695 1350 1744 nostra

808 1772 907 1835 patet
925 1768 945 1824 f.
965 1768 1000 1835 V,
1020 1771 1079 1823 502.

842 1887 927 1927 aurae
956 1872 1038 1927 vela
1066 1879 1200 1930 vocant
1225 1878 1348 1934 tumido-

807 1973 861 2028 que
878 1956 992 2015 inflatur
1008 1959 1142 2016 carbasus
1159 1966 1279 2018 austro
1295 1963 1345 2030 Ill,

807 2045 865 2100 356.

838 2163 1035 2218 prosequor
1089 2148 1186 2206 infelix
1229 2154 1346 2209 oculis

803 2234 936 2292 abeuntia
952 2235 1017 2291 vela
1034 2251 1079 2306 ep.
1098 2237 1139 2302 V,
1160 2240 1202 2292 55.

840 2424 956 2481 Martius
982 2425 1112 2494 anguis
1140 2430 1216 2493 erat,
1253 2429 1346 2484 cristis

805 2511 961 2581 praesignis
979 2517 1008 2567 et
1025 2510 1123 2579 auro;
1145 2512 1225 2581 igne
1242 2515 1345 2570 micant

806 2598 913 2665 oeuli,
940 2614 1042 2668 corpus
1060 2602 1168 2654 tumet
1185 2615 1267 2655 omne
1285 2618 1345 2656 ve-

805 2699 910 2751 neno,
935 2690 1082 2756 tresque
1106 2685 1250 2741 vibrant
1275 2687 1345 2741 lin-

805 2786 907 2840 guae,
943 2772 1087 2842 triplici
1117 2776 1215 2827 stant
1249 2774 1345 2829 ordine

805 2857 932 2913 dentes
949 2874 985 2913 nr.
1000 2858 1052 2925 III,
1073 2860 1115 2913 32.

839 2963 998 3028 baconem,
1018 2962 1066 3032 qui
1084 2963 1170 3017 erista
1188 2962 1343 3032 linguis·

803 3062 857 3117 que
875 3047 994 3104 tribus
1011 3049 1170 3119 praesignis
1196 3054 1225 3105 et
1242 3049 1344 3105 uncis

803 3133 974 3190 dentibus
991 3151 1029 3189 m.
1043 3135 1108 3201 VII,
1130 3137 1187 3189 149.

837 3235 993 3291 causasque
1017 3222 1161 3277 innecte
1184 3223 1343 3279 morandi

803 3305 853 3372 lV,
874 3308 915 3360 51.

836 3393 971 3448 maximus
984 3392 1019 3447 in
1029 3399 1129 3450 tonat
1142 3393 1249 3462 aether,
1273 3396 1344 3451 dis-

802 3481 943 3536 sultant
959 3480 1038 3551 ripae
1055 3480 1134 3549 v111,
1155 3483 1213 3534 239.

835 3653 935 3707 illurn
957 3654 1143 3719 ruricolae,
1166 3653 1341 3710 silvarum

801 3741 923 3805 numina,
943 3738 1109 3796 fauni....
1128 3741 1342 3811 etnymphae

801 3823 902 3879 flerunt
918 3842 953 3881 rn.
968 3824 1018 3892 VI,
1034 3827 1093 3882 392.

835 4086 1340 4156 resonantlateplaugoribusae-

800 4169 861 4225 des
884 4170 953 4234 Xll,
985 4175 1034 4224 aot
1057 4170 1101 4238 (ef.
1120 4173 1282 4244 gemituque
1312 4179 1341 4228 et

798 4254 918 4320 femineo
947 4258 1084 4319 ululatu
1108 4264 1184 4322 tecta
1207 4257 1336 4330 tremunt,
