2798 4830
208 325 248 387 so
644 358 688 368 -
734 318 820 404 [ilo]
866 358 910 368 -

241 511 396 580 dextraque
415 510 549 565 trabalem
565 510 674 565 hastam
692 510 747 564 in-

206 597 319 653 torsit
335 613 437 666 agens,
464 596 572 668 liquido
590 613 661 668 quae
680 597 746 652 stri-

205 684 273 737 dula
291 684 369 738 caelo
387 681 462 752 fugit
479 683 526 748 IV,
548 686 573 739 6.
585 686 615 749 ¹⁷)

240 769 744 836 †ter...scandenteiubaIV,130.

238 1026 343 1096 triplici
361 1028 507 1082 velaverat
530 1032 607 1084 ostro
630 1044 746 1097 surgen-

204 1118 248 1167 tes
274 1113 424 1168 etiamnum
452 1129 576 1180 umeros,
614 1120 644 1169 et
671 1115 746 1169 levia

204 1204 316 1253 mater
327 1203 442 1268 pectora
454 1200 534 1266 VIII,
550 1203 607 1255 565.
621 1201 674 1255 hoc
685 1216 745 1256 ne-

203 1288 741 1354 veratunummatoropusIX,691.

239 1370 740 1439 JsbellahorridanobisIV‚601.

238 1457 359 1512 stabat
376 1458 522 1512 etadmoti
541 1460 645 1516 nixus
658 1459 743 1530 Poly-

202 1543 273 1598 nicIs
291 1542 325 1595 in
343 1542 480 1598 hastam
499 1545 535 1607 V,
557 1547 597 1599 19.

237 1715 316 1779 †ille
333 1717 602 1787 propinquabat
621 1717 743 1772 silviset

202 1801 238 1856 ab
257 1816 361 1870 aggere
373 1804 448 1857 celso
465 1807 545 1857 scuta
563 1803 653 1857 virum
673 1805 742 1858 ori-

201 1893 338 1957 stasque
356 1888 436 1944 videt
453 1889 568 1943 rutilare
595 1892 740 1957 comantis,

201 1989 257 2042 qua
268 1974 365 2028 laxant
376 1975 445 2028 rami
458 1990 555 2029 nemus
573 1976 742 2032 adversa-

201 2075 268 2129 que
288 2059 340 2115 sub
361 2059 482 2115 umbra
500 2058 644 2116 flammeus
662 2078 742 2117 aera-

200 2145 238 2199 tis
256 2146 364 2216 lunae
388 2151 490 2200 tremor
507 2153 583 2201 errat
600 2148 629 2201 in
646 2149 740 2204 armis.

189 2231 341 2301 ,obstipuit
357 2231 441 2314 visis,
466 2232 526 2287 ibat
543 2237 650 2297 tamen,
677 2233 742 2288 bor-

200 2318 262 2372 rida
286 2323 393 2372 tantum
421 2318 529 2387 spicula
552 2324 582 2374 et
604 2320 741 2374 inclusum

200 2404 300 2473 capulo
324 2408 406 2458 tenus
423 2405 555 2459 admovet
573 2421 676 2459 ensem.
708 2422 742 2461 ae

199 2490 276 2559 prlor
293 2490 391 2558 nunde,
411 2490 498 2555 viri,
523 2491 628 2560 quidve
646 2493 740 2546 oecul-

199 2576 267 2629 tatis
285 2576 320 2630 in
338 2576 500 2631 armies«.
518 2619 524 2631 .
542 2617 547 2627 .
565 2578 740 2632 ‚necrod-

200 2662 279 2716 dita
296 2669 419 2718 contra
437 2671 505 2718 vox
523 2662 559 2728 ΙΙ,
581 2665 640 2716 529.

234 2747 299 2802 huo
326 2747 401 2803 ierus
427 2753 533 2819 atque
563 2749 652 2803 illuc
679 2750 741 2804 ani-

200 2849 274 2887 mum
286 2833 474 2903 pallentiaque
487 2835 529 2888 ira
547 2850 608 2889 ora
625 2833 740 2891 ferens

198 2919 235 2983 11,
256 2922 316 2973 545.

232 3005 335 3070 †ibit
352 3020 462 3059 ovans
479 3004 573 3075 Argos
590 3007 627 3071 Π,
643 3008 701 3058 621.

233 3177 310 3232 subit
333 3191 382 3230 ore
401 3192 472 3231 cavo
489 3177 638 3232 Teumesia
660 3194 736 3232 cor-

199 3275 263 3317 nus
281 3263 318 3326 II,
338 3264 398 3316 624.

234 3521 361 3577 fratris
430 3527 641 3577 sustentans
659 3524 738 3577 dex·

199 3614 313 3678 traque
332 3609 406 3662 latus
423 3610 460 3674 II,
481 3611 540 3662 630.

834 513 864 564 et
880 509 1000 564 iaculum
1022 512 1241 575 attorquens
1260 505 1341 558 emit-

799 597 835 651 tit
852 597 881 650 in
900 611 983 651 auras
1002 595 1052 656 lx,
1073 596 1114 648 52.

832 768 878 821 oui
896 767 1041 837 triplici
1063 765 1164 820 crinita
1188 765 1272 820 iuba
1292 780 1341 832 ga·

798 855 843 909 lea
860 855 918 910 alta
935 853 1109 909 Chimaeram
1133 851 1255 907 sustinet
1273 850 1339 912 VII,

799 941 857 996 785.

833 1033 862 1082 et
880 1027 1012 1091 tumeam,
1033 1026 1109 1079 molli
1127 1031 1238 1080 mater
1257 1040 1341 1093 quam

797 1119 949 1168 neverat
966 1128 1044 1177 auro,
1064 1110 1099 1173 X,
1121 1113 1180 1167 818.

830 1373 912 1437 bella,
932 1373 1077 1427 horrida
1095 1371 1193 1426 bella
1211 1370 1261 1435 VI,
1277 1371 1320 1424 86.

830 1460 953 1515 stabat
979 1458 1081 1514 acerba
1105 1454 1225 1510 fremens
1245 1457 1342 1523 iugen-

794 1551 851 1601 tem
874 1547 980 1600 nixus
1010 1545 1041 1599 in
1072 1543 1207 1598 hastam
1225 1541 1341 1596 Aeneas

794 1633 857 1697 XII,
879 1634 939 1686 398.

828 1715 1341 1787 iamquepropinquabantoa-

794 1806 861 1862 stris
904 1818 1053 1874 murosque
1089 1802 1236 1868 subibant,
1274 1818 1338 1856 eum

793 1892 889 1962 procul
913 1891 964 1945 hos
989 1891 1069 1944 laevo
1087 1887 1227 1943 flectentis
1249 1888 1338 1942 limite

794 1984 912 2033 cernunt
929 1983 959 2032 et
975 1976 1080 2046 galea
1098 1975 1251 2045 Euryalum
1269 1974 1338 2029 sub-

794 2063 875 2118 lustri
899 2063 991 2117 nootis
1015 2064 1043 2116 in
1068 2062 1190 2115 umbra
1212 2062 1339 2129 prodidit

794 2148 1168 2216 inmemoremradiisque
1186 2147 1337 2202 adversa

793 2233 913 2290 refulsit.
942 2235 1012 2290 haut
1037 2240 1141 2289 temere
1166 2239 1209 2288 est
1232 2234 1334 2289 visum.

794 2323 950 2377 conclamat
983 2321 1019 2376 ab
1049 2321 1160 2390 agmine
1193 2321 1332 2376 Volcens:

792 2413 892 2473 astate,
922 2407 1007 2471 viri,
1039 2423 1111 2477 quae
1135 2422 1221 2461 causa
1251 2407 1335 2461 viae‘l

793 2493 876 2562 quive
894 2494 963 2548 estis
981 2493 1014 2547 in
1031 2493 1157 2546 armis‘l
1181 2507 1272 2563 quove
1290 2497 1334 2545 te-

791 2579 866 2633 netis
882 2579 973 2634 iteri«
989 2578 1083 2632 nihil
1101 2579 1159 2632 illi
1184 2578 1334 2632 tendere

792 2671 929 2730 contra,
949 2665 1001 2727 ΙΙΙ,
1022 2665 1123 2730 sitm)

826 2766 968 2806 accessum
982 2752 1104 2805 lustrans
1116 2750 1182 2804 buc
1201 2767 1262 2805 ora
1280 2749 1332 2806 fe-

791 2835 896 2890 rebat
913 2843 948 2891 et
965 2837 1054 2890 illuc
1072 2836 1150 2902 VIII,
1172 2838 1231 2889 229.

824 3023 875 3076 per
892 3007 982 3062 Elidis
1004 3008 1099 3064 urbem
1124 3009 1201 3065 ibat
1222 3025 1332 3064 ovans

791 3092 840 3158 VI,
855 3095 915 3150 589.
950 3093 994 3158 (cf.
1012 3093 1062 3151 Sil.
1077 3095 1140 3150 Ital.
1155 3096 1205 3161 III,
1221 3098 1293 3160 409.)

824 3180 903 3234 volat
930 3179 1004 3236 Itala
1029 3197 1163 3236 cornus
1190 3183 1256 3237 ab'ra
1281 3197 1331 3250 per

789 3269 914 3319 tenerum
941 3267 1140 3337 stomachoque
1167 3267 1252 3323 infixa
1279 3268 1330 3322 sub

788 3351 875 3405 altum
887 3356 986 3420 pectus
998 3352 1058 3408 abit
1065 3352 1113 3411 IX.
1124 3356 1182 3406 699.
1206 3352 1250 3420 (ei.
1263 3358 1327 3408 met.

788 3438 853 3504 xil,
873 3440 946 3504 451).

823 3523 909 3580 frater
926 3524 1002 3579 subit
1019 3525 1143 3581 Alcanor
1165 3523 1331 3581 fratrem-

788 3625 842 3680 que
859 3616 982 3666 ruentem
1000 3617 1188 3668 sustentat
1205 3613 1330 3667 dextra

788 3698 825 3765 x,
840 3699 900 3753 aaa.

268 3893 296 3956 ¹⁷)
317 3892 369 3947 His
380 3893 474 3950 verbis
487 3892 596 3962 signum
609 3899 638 3949 et
649 3895 759 3950 initium
769 3911 880 3966 pugnae
893 3897 1071 3952 describitur.
1096 3897 1243 3952 nonnullos
1255 3897 1329 3952 enim

198 4045 280 4101 quam
323 4031 425 4102 ydeus,
445 4031 494 4085 Pol

198 3961 284 4025 locos,
298 3962 379 4084 quod
397 3962 425 4015 in
450 3961 493 4016 bis
517 3979 628 4033 quoque
652 3965 773 4019 imitatio
798 3964 881 4033 plana
903 3970 955 4030 est,
987 3967 1069 4020 attuli
1094 3982 1128 4020 ex

517 4032 588 4087 nicis
607 4033 733 4102 legatus,
754 4034 893 4090 commisit
910 4050 972 4088 cum
990 4035 1039 4101 iis,
1065 4049 1135 4105 quos

196 4099 306 4154 insidiis
324 4100 475 4155 collocavit
491 4049 578 4156 'ineu
600 4103 636 4167 ΙΙ,
657 4105 802 4156 450-743.

268 4178 298 4242 ¹⁸)
318 4175 355 4232 cf.
368 4193 410 4242 ea,
425 4194 497 4249 quae
509 4193 593 4248 supra
610 4180 645 4234 de
659 4178 765 4248 Hopleo
778 4186 808 4234 et
820 4180 960 4250 Dymanta
978 4181 1118 4250 explicata
1136 4187 1200 4235 sunt
1213 4182 1274 4237 Lib.
1289 4183 1325 4246 ΙΙ,

197 4262 257 4316 cap.
279 4247 315 4311 II,
336 4248 349 4313 ξ
368 4250 393 4302 2.
425 4248 587 4304 hunerenim
607 4250 696 4303 locum
714 4248 857 4304 Aeneidos
874 4249 919 4304 bis
937 4251 1062 4304 imitatus
1079 4256 1125 4304 est
1142 4249 1260 4308 Statius.

1152 3967 1329 4092 hilheghhlelsnih
