<?xml version="1.0" encoding="UTF-8"?>
<!DOCTYPE html PUBLIC "-//W3C//DTD XHTML 1.0 Transitional//EN"
    "http://www.w3.org/TR/xhtml1/DTD/xhtml1-transitional.dtd">
<html xmlns="http://www.w3.org/1999/xhtml" xml:lang="en" lang="en">
 <head>
  <title>
</title>
<meta http-equiv="Content-Type" content="text/html;charset=utf-8" />
  <meta name='ocr-system' content='tesseract 3.04.00' />
  <meta name='ocr-capabilities' content='ocr_page ocr_carea ocr_par ocr_line ocrx_word'/>
</head>
<body>
  <div class='ocr_page' id='page_1' title='image "./deppapiniostati00deipgoog_0092.png"; bbox 0 0 2798 4830; ppageno 0'>
   <div class='ocr_carea' id='block_1_1' title="bbox 650 334 915 416">
    <p class='ocr_par' dir='ltr' id='par_1_1' title="bbox 650 334 915 416">
     <span class='ocr_line' id='line_1_1' title="bbox 650 334 915 416; baseline 0.008 -20"><span class='ocrx_word' id='word_1_1' title='bbox 650 369 693 379; x_wconf 87' lang='lat'>-</span> <span class='ocrx_word' id='word_1_2' title='bbox 741 334 825 416; x_wconf 79' lang='grc'><strong>[444</strong></span> <span class='ocrx_word' id='word_1_3' title='bbox 872 370 915 379; x_wconf 87' lang='grc'>-</span> 
     </span>
    </p>
   </div>
   <div class='ocr_carea' id='block_1_2' title="bbox 805 522 1346 748">
    <p class='ocr_par' dir='ltr' id='par_1_2' title="bbox 805 522 1346 748">
     <span class='ocr_line' id='line_1_2' title="bbox 806 522 1346 590; baseline -0.002 -14"><span class='ocrx_word' id='word_1_4' title='bbox 806 523 849 576; x_wconf 89' lang='lat' dir='ltr'><strong>ad</strong></span> <span class='ocrx_word' id='word_1_5' title='bbox 878 537 984 576; x_wconf 81' lang='lat' dir='ltr'><strong>auras</strong></span> <span class='ocrx_word' id='word_1_6' title='bbox 1013 522 1210 590; x_wconf 81' lang='lat' dir='ltr'><strong>aetherias,</strong></span> <span class='ocrx_word' id='word_1_7' title='bbox 1243 527 1346 578; x_wconf 86' lang='lat' dir='ltr'><strong>tantum</strong></span> 
     </span>
     <span class='ocr_line' id='line_1_3' title="bbox 805 608 1344 676; baseline 0.004 -14"><span class='ocrx_word' id='word_1_8' title='bbox 805 608 927 664; x_wconf 79' lang='lat' dir='ltr'>radice</span> <span class='ocrx_word' id='word_1_9' title='bbox 965 610 995 664; x_wconf 87' lang='lat' dir='ltr'><strong>ln</strong></span> <span class='ocrx_word' id='word_1_10' title='bbox 1025 610 1145 666; x_wconf 87' lang='lat' dir='ltr'><strong>Tartara</strong></span> <span class='ocrx_word' id='word_1_11' title='bbox 1179 609 1271 666; x_wconf 87' lang='lat' dir='ltr'><strong>tendit</strong></span> <span class='ocrx_word' id='word_1_12' title='bbox 1300 609 1344 676; x_wconf 89' lang='lat' dir='ltr'><strong>IV,</strong></span> 
     </span>
     <span class='ocr_line' id='line_1_4' title="bbox 805 696 865 748; baseline 0 0"><span class='ocrx_word' id='word_1_13' title='bbox 805 696 865 748; x_wconf 88' lang='grc'><strong>441.</strong></span> 
     </span>
    </p>
   </div>
   <div class='ocr_carea' id='block_1_3' title="bbox 149 782 867 972">
    <p class='ocr_par' dir='ltr' id='par_1_3' title="bbox 149 782 867 972">
     <span class='ocr_line' id='line_1_5' title="bbox 299 782 777 867; baseline -0.004 -19"><span class='ocrx_word' id='word_1_14' title='bbox 299 802 402 867; x_wconf 82' lang='lat' dir='ltr'><strong>comp.</strong></span> <span class='ocrx_word' id='word_1_15' title='bbox 428 788 590 866; x_wconf 77' lang='lat' dir='ltr'><strong>pugnator</strong></span> <span class='ocrx_word' id='word_1_16' title='bbox 611 802 638 847; x_wconf 92' lang='grc'><strong>4.</strong></span> <span class='ocrx_word' id='word_1_17' title='bbox 665 782 777 860; x_wconf 85' lang='grc'><strong>14444;</strong></span> 
     </span>
     <span class='ocr_line' id='line_1_6' title="bbox 149 899 867 972; baseline 0.003 -16"><span class='ocrx_word' id='word_1_18' title='bbox 149 899 150 902; x_wconf 67' lang='grc'>’</span> <span class='ocrx_word' id='word_1_19' title='bbox 245 937 249 944; x_wconf 91' lang='grc'>-</span> <span class='ocrx_word' id='word_1_20' title='bbox 282 901 338 968; x_wconf 80' lang='lat' dir='ltr'><strong>(hio</strong></span> <span class='ocrx_word' id='word_1_21' title='bbox 355 902 489 957; x_wconf 79' lang='lat' dir='ltr'><strong>caedendi</strong></span> <span class='ocrx_word' id='word_1_22' title='bbox 508 903 619 972; x_wconf 81' lang='lat' dir='ltr'><strong>cupide,</strong></span> <span class='ocrx_word' id='word_1_23' title='bbox 640 903 699 957; x_wconf 82' lang='lat' dir='ltr'><strong>illie</strong></span> <span class='ocrx_word' id='word_1_24' title='bbox 715 905 867 972; x_wconf 82' lang='lat' dir='ltr'><strong>pugnandi)</strong></span> 
     </span>
    </p>
   </div>
   <div class='ocr_carea' id='block_1_4' title="bbox 211 1006 1347 1335">
    <p class='ocr_par' dir='ltr' id='par_1_4' title="bbox 211 1006 1347 1335">
     <span class='ocr_line' id='line_1_7' title="bbox 247 1006 1347 1078; baseline 0.005 -17"><span class='ocrx_word' id='word_1_25' title='bbox 247 1006 339 1077; x_wconf 79' lang='lat' dir='ltr'><strong>quella</strong></span> <span class='ocrx_word' id='word_1_26' title='bbox 352 1006 399 1061; x_wconf 92' lang='lat' dir='ltr'><strong>ubi</strong></span> <span class='ocrx_word' id='word_1_27' title='bbox 412 1006 529 1076; x_wconf 79' lang='lat' dir='ltr'><strong>primam</strong></span> <span class='ocrx_word' id='word_1_28' title='bbox 541 1006 597 1060; x_wconf 89' lang='grc'><strong>144</strong></span> <span class='ocrx_word' id='word_1_29' title='bbox 615 1022 694 1061; x_wconf 88' lang='lat' dir='ltr'><strong>mane</strong></span> <span class='ocrx_word' id='word_1_30' title='bbox 708 1023 754 1062; x_wconf 90' lang='grc'><strong>44·</strong></span> <span class='ocrx_word' id='word_1_31' title='bbox 839 1012 926 1078; x_wconf 87' lang='lat' dir='ltr'><strong>utque</strong></span> <span class='ocrx_word' id='word_1_32' title='bbox 950 1008 1006 1062; x_wconf 88' lang='lat' dir='ltr'><strong>leo</strong></span> <span class='ocrx_word' id='word_1_33' title='bbox 1027 1010 1174 1078; x_wconf 81' lang='lat' dir='ltr'><strong>apecula</strong></span> <span class='ocrx_word' id='word_1_34' title='bbox 1196 1026 1259 1064; x_wconf 86' lang='lat' dir='ltr'><strong>eum</strong></span> <span class='ocrx_word' id='word_1_35' title='bbox 1279 1012 1347 1068; x_wconf 85' lang='lat' dir='ltr'><strong>vidIt</strong></span> 
     </span>
     <span class='ocr_line' id='line_1_8' title="bbox 213 1092 1346 1166; baseline 0.001 -16"><span class='ocrx_word' id='word_1_36' title='bbox 213 1093 316 1150; x_wconf 83' lang='lat' dir='ltr'><strong>bilibus</strong></span> <span class='ocrx_word' id='word_1_37' title='bbox 350 1093 420 1147; x_wconf 83' lang='lat' dir='ltr'><strong>atria</strong></span> <span class='ocrx_word' id='word_1_38' title='bbox 455 1092 545 1146; x_wconf 85' lang='lat' dir='ltr'><strong>erexit</strong></span> <span class='ocrx_word' id='word_1_39' title='bbox 573 1093 694 1157; x_wconf 80' lang='lat' dir='ltr'><strong>rabiem,</strong></span> <span class='ocrx_word' id='word_1_40' title='bbox 726 1097 755 1146; x_wconf 91' lang='lat' dir='ltr'><strong>et</strong></span> <span class='ocrx_word' id='word_1_41' title='bbox 806 1093 1346 1166; x_wconf 70' lang='grc'><strong>414414444444444441444441444441-</strong></span> 
     </span>
     <span class='ocr_line' id='line_1_9' title="bbox 212 1179 1344 1258; baseline 0.003 -24"><span class='ocrx_word' id='word_1_42' title='bbox 212 1196 298 1234; x_wconf 79' lang='grc'><strong>44444</strong></span> <span class='ocrx_word' id='word_1_43' title='bbox 317 1180 524 1246; x_wconf 79' lang='lat' dir='ltr'>speculatur</span> <span class='ocrx_word' id='word_1_44' title='bbox 549 1179 589 1234; x_wconf 91' lang='lat' dir='ltr'><strong>ab</strong></span> <span class='ocrx_word' id='word_1_45' title='bbox 607 1184 687 1233; x_wconf 86' lang='lat' dir='ltr'><strong>antro</strong></span> <span class='ocrx_word' id='word_1_46' title='bbox 705 1184 755 1232; x_wconf 89' lang='lat' dir='ltr'><strong>aut</strong></span> <span class='ocrx_word' id='word_1_47' title='bbox 774 1236 775 1241; x_wconf 8' lang='grc' dir='ltr'>χ</span> <span class='ocrx_word' id='word_1_48' title='bbox 805 1183 911 1251; x_wconf 85' lang='lat' dir='ltr'><strong>tantem</strong></span> <span class='ocrx_word' id='word_1_49' title='bbox 924 1180 952 1252; x_wconf 85' lang='lat' dir='ltr'><strong>in</strong></span> <span class='ocrx_word' id='word_1_50' title='bbox 965 1182 1073 1249; x_wconf 88' lang='lat' dir='ltr'><strong>proelia</strong></span> <span class='ocrx_word' id='word_1_51' title='bbox 1085 1186 1203 1249; x_wconf 90' lang='lat' dir='ltr'><strong>taurum,</strong></span> <span class='ocrx_word' id='word_1_52' title='bbox 1218 1184 1344 1258; x_wconf 86' lang='lat' dir='ltr'><strong>advolat:</strong></span> 
     </span>
     <span class='ocr_line' id='line_1_10' title="bbox 211 1265 1073 1335; baseline -0.003 -14"><span class='ocrx_word' id='word_1_53' title='bbox 211 1282 322 1321; x_wconf 82' lang='lat' dir='ltr'><strong>cervam</strong></span> <span class='ocrx_word' id='word_1_54' title='bbox 357 1268 406 1318; x_wconf 90' lang='lat' dir='ltr'><strong>aut</strong></span> <span class='ocrx_word' id='word_1_55' title='bbox 445 1266 567 1320; x_wconf 89' lang='lat' dir='ltr'><strong>nondum</strong></span> <span class='ocrx_word' id='word_1_56' title='bbox 606 1266 755 1321; x_wconf 81' lang='lat' dir='ltr'><strong>bellantem</strong></span> <span class='ocrx_word' id='word_1_57' title='bbox 804 1265 874 1320; x_wconf 91' lang='lat' dir='ltr'><strong>haut</strong></span> <span class='ocrx_word' id='word_1_58' title='bbox 891 1266 948 1321; x_wconf 87' lang='lat' dir='ltr'><strong>alia</strong></span> <span class='ocrx_word' id='word_1_59' title='bbox 966 1268 1001 1335; x_wconf 89' lang='lat' dir='ltr'><strong>X,</strong></span> <span class='ocrx_word' id='word_1_60' title='bbox 1015 1270 1073 1320; x_wconf 82' lang='grc'><strong>454.</strong></span> 
     </span>
    </p>
   </div>
   <div class='ocr_carea' id='block_1_5' title="bbox 212 1348 756 1504">
    <p class='ocr_par' dir='ltr' id='par_1_5' title="bbox 212 1348 756 1504">
     <span class='ocr_line' id='line_1_11' title="bbox 212 1348 756 1421; baseline -0.004 -13"><span class='ocrx_word' id='word_1_61' title='bbox 212 1352 304 1408; x_wconf 84' lang='lat' dir='ltr'><strong>fronte</strong></span> <span class='ocrx_word' id='word_1_62' title='bbox 321 1353 483 1417; x_wconf 85' lang='lat' dir='ltr'><strong>iuvenrum,</strong></span> <span class='ocrx_word' id='word_1_63' title='bbox 511 1353 535 1408; x_wconf 88' lang='lat' dir='ltr'><strong>it</strong></span> <span class='ocrx_word' id='word_1_64' title='bbox 556 1351 668 1408; x_wconf 85' lang='lat' dir='ltr'><strong>fremitu</strong></span> <span class='ocrx_word' id='word_1_65' title='bbox 685 1348 756 1421; x_wconf 80' lang='lat' dir='ltr'><strong>gau-</strong></span> 
     </span>
     <span class='ocr_line' id='line_1_12' title="bbox 213 1439 445 1504; baseline -0.013 -10"><span class='ocrx_word' id='word_1_66' title='bbox 213 1440 283 1495; x_wconf 81' lang='lat' dir='ltr'><strong>dena</strong></span> <span class='ocrx_word' id='word_1_67' title='bbox 299 1439 363 1504; x_wconf 90' lang='lat' dir='ltr'>VII,</span> <span class='ocrx_word' id='word_1_68' title='bbox 384 1441 445 1491; x_wconf 84' lang='grc'><strong>6111.</strong></span> 
     </span>
    </p>
   </div>
   <div class='ocr_carea' id='block_1_6' title="bbox 297 1558 1014 1645">
    <p class='ocr_par' dir='ltr' id='par_1_6' title="bbox 297 1538 1014 1645">
     <span class='ocr_line' id='line_1_13' title="bbox 297 1558 1014 1645; baseline -0.003 -18"><span class='ocrx_word' id='word_1_69' title='bbox 297 1580 400 1644; x_wconf 76' lang='lat' dir='ltr'><strong>comp.</strong></span> <span class='ocrx_word' id='word_1_70' title='bbox 426 1580 536 1645; x_wconf 79' lang='lat' dir='ltr'><strong>pugna</strong></span> <span class='ocrx_word' id='word_1_71' title='bbox 558 1580 587 1625; x_wconf 92' lang='grc'><strong>4.</strong></span> <span class='ocrx_word' id='word_1_72' title='bbox 613 1558 746 1625; x_wconf 80' lang='grc'><strong>44414444</strong></span> <span class='ocrx_word' id='word_1_73' title='bbox 768 1559 912 1644; x_wconf 82' lang='lat' dir='ltr'><strong>fragore:</strong></span> <span class='ocrx_word' id='word_1_74' title='bbox 1010 1591 1014 1601; x_wconf 56' lang='lat'><em>»</em></span> 
     </span>
    </p>
   </div>
   <div class='ocr_carea' id='block_1_7' title="bbox 201 1679 1347 2351">
    <p class='ocr_par' dir='ltr' id='par_1_7' title="bbox 201 1679 1347 2351">
     <span class='ocr_line' id='line_1_14' title="bbox 247 1679 1346 1756; baseline 0.006 -22"><span class='ocrx_word' id='word_1_75' title='bbox 247 1696 302 1734; x_wconf 89' lang='lat' dir='ltr'><strong>non</strong></span> <span class='ocrx_word' id='word_1_76' title='bbox 326 1683 405 1734; x_wconf 89' lang='lat' dir='ltr'><strong>tanta</strong></span> <span class='ocrx_word' id='word_1_77' title='bbox 434 1679 754 1735; x_wconf 78' lang='lat' dir='ltr'><strong>cadentibus-haedis</strong></span> <span class='ocrx_word' id='word_1_78' title='bbox 828 1687 949 1750; x_wconf 80' lang='lat' dir='ltr'><strong>quantus</strong></span> <span class='ocrx_word' id='word_1_79' title='bbox 957 1681 994 1737; x_wconf 91' lang='lat' dir='ltr'><strong>ab</strong></span> <span class='ocrx_word' id='word_1_80' title='bbox 1004 1698 1105 1737; x_wconf 79' lang='lat' dir='ltr'><strong>occasu</strong></span> <span class='ocrx_word' id='word_1_81' title='bbox 1115 1686 1231 1741; x_wconf 87' lang='lat' dir='ltr'><strong>veniens</strong></span> <span class='ocrx_word' id='word_1_82' title='bbox 1240 1688 1346 1756; x_wconf 90' lang='lat' dir='ltr'><strong>pluvia-</strong></span> 
     </span>
     <span class='ocr_line' id='line_1_15' title="bbox 212 1765 1347 1835; baseline 0.004 -12"><span class='ocrx_word' id='word_1_83' title='bbox 212 1767 315 1823; x_wconf 90' lang='lat' dir='ltr'><strong>aeriam</strong></span> <span class='ocrx_word' id='word_1_84' title='bbox 328 1765 484 1835; x_wconf 87' lang='lat' dir='ltr'><strong>Rhodopen</strong></span> <span class='ocrx_word' id='word_1_85' title='bbox 496 1767 587 1821; x_wconf 85' lang='lat' dir='ltr'><strong>solida</strong></span> <span class='ocrx_word' id='word_1_86' title='bbox 599 1766 754 1821; x_wconf 86' lang='lat' dir='ltr'><strong>nivever-</strong></span> <span class='ocrx_word' id='word_1_87' title='bbox 805 1767 878 1822; x_wconf 84' lang='lat' dir='ltr'><strong>libus</strong></span> <span class='ocrx_word' id='word_1_88' title='bbox 901 1767 1026 1831; x_wconf 85' lang='lat' dir='ltr'><strong>haedis</strong></span> <span class='ocrx_word' id='word_1_89' title='bbox 1049 1771 1218 1826; x_wconf 85' lang='lat' dir='ltr'><strong>verberat</strong></span> <span class='ocrx_word' id='word_1_90' title='bbox 1242 1772 1347 1830; x_wconf 87' lang='lat' dir='ltr'><strong>imber</strong></span> 
     </span>
     <span class='ocr_line' id='line_1_16' title="bbox 212 1848 1346 1926; baseline 0.005 -17"><span class='ocrx_word' id='word_1_91' title='bbox 212 1854 312 1909; x_wconf 88' lang='lat' dir='ltr'><strong>berat</strong></span> <span class='ocrx_word' id='word_1_92' title='bbox 334 1848 451 1918; x_wconf 80' lang='lat' dir='ltr'><strong>Arctos,</strong></span> <span class='ocrx_word' id='word_1_93' title='bbox 474 1868 527 1908; x_wconf 85' lang='grc'><strong>444</strong></span> <span class='ocrx_word' id='word_1_94' title='bbox 548 1851 644 1921; x_wconf 85' lang='lat' dir='ltr'><strong>fragor</strong></span> <span class='ocrx_word' id='word_1_95' title='bbox 660 1851 754 1922; x_wconf 76' lang='lat' dir='ltr'><strong>Auen·</strong></span> <span class='ocrx_word' id='word_1_96' title='bbox 804 1854 927 1919; x_wconf 90' lang='lat' dir='ltr'><strong>humum,</strong></span> <span class='ocrx_word' id='word_1_97' title='bbox 962 1869 1044 1924; x_wconf 92' lang='lat' dir='ltr'><strong>quam</strong></span> <span class='ocrx_word' id='word_1_98' title='bbox 1065 1857 1152 1910; x_wconf 87' lang='lat' dir='ltr'><strong>mulla</strong></span> <span class='ocrx_word' id='word_1_99' title='bbox 1170 1859 1346 1926; x_wconf 85' lang='lat' dir='ltr'><strong>grandine</strong></span> 
     </span>
     <span class='ocr_line' id='line_1_17' title="bbox 213 1938 1346 2013; baseline 0.006 -19"><span class='ocrx_word' id='word_1_100' title='bbox 213 1942 275 1995; x_wconf 86' lang='lat' dir='ltr'><strong>niae</strong></span> <span class='ocrx_word' id='word_1_101' title='bbox 288 1945 394 2003; x_wconf 86' lang='lat' dir='ltr'><strong>tantus,</strong></span> <span class='ocrx_word' id='word_1_102' title='bbox 413 1955 486 1994; x_wconf 83' lang='lat' dir='ltr'><strong>eum</strong></span> <span class='ocrx_word' id='word_1_103' title='bbox 499 1938 661 2006; x_wconf 88' lang='lat' dir='ltr'><strong>Iuppiter</strong></span> <span class='ocrx_word' id='word_1_104' title='bbox 679 1939 753 1994; x_wconf 90' lang='lat' dir='ltr'><strong>omni</strong></span> <span class='ocrx_word' id='word_1_105' title='bbox 806 1941 893 1995; x_wconf 90' lang='lat' dir='ltr'><strong>nimbi</strong></span> <span class='ocrx_word' id='word_1_106' title='bbox 910 1942 939 1994; x_wconf 92' lang='lat' dir='ltr'><strong>in</strong></span> <span class='ocrx_word' id='word_1_107' title='bbox 957 1941 1031 1994; x_wconf 90' lang='lat' dir='ltr'><strong>vada</strong></span> <span class='ocrx_word' id='word_1_108' title='bbox 1048 1943 1247 2013; x_wconf 80' lang='lat' dir='ltr'><strong>praecipitant,</strong></span> <span class='ocrx_word' id='word_1_109' title='bbox 1272 1963 1346 2001; x_wconf 87' lang='lat' dir='ltr'><strong>eum</strong></span> 
     </span>
     <span class='ocr_line' id='line_1_18' title="bbox 201 2026 1347 2096; baseline 0.006 -16"><span class='ocrx_word' id='word_1_110' title='bbox 201 2042 264 2081; x_wconf 83' lang='lat' dir='ltr'><strong>axe</strong></span> <span class='ocrx_word' id='word_1_111' title='bbox 272 2027 301 2091; x_wconf 80' lang='grc'><strong>55)</strong></span> <span class='ocrx_word' id='word_1_112' title='bbox 330 2030 423 2090; x_wconf 81' lang='lat' dir='ltr'><strong>tonat,</strong></span> <span class='ocrx_word' id='word_1_113' title='bbox 451 2029 531 2082; x_wconf 87' lang='lat' dir='ltr'><strong>tanta</strong></span> <span class='ocrx_word' id='word_1_114' title='bbox 552 2026 678 2094; x_wconf 88' lang='lat' dir='ltr'><strong>quatitur</strong></span> <span class='ocrx_word' id='word_1_115' title='bbox 704 2041 756 2079; x_wconf 88' lang='grc'><strong>444</strong></span> <span class='ocrx_word' id='word_1_116' title='bbox 807 2026 970 2096; x_wconf 87' lang='lat' dir='ltr'><strong>Iuppiter</strong></span> <span class='ocrx_word' id='word_1_117' title='bbox 999 2028 1128 2082; x_wconf 84' lang='lat' dir='ltr'><strong>horridus</strong></span> <span class='ocrx_word' id='word_1_118' title='bbox 1160 2032 1264 2086; x_wconf 79' lang='grc'><strong>4444414</strong></span> <span class='ocrx_word' id='word_1_119' title='bbox 1291 2038 1347 2087; x_wconf 89' lang='lat' dir='ltr'><strong>tor-</strong></span> 
     </span>
     <span class='ocr_line' id='line_1_19' title="bbox 212 2109 1347 2183; baseline 0.008 -18"><span class='ocrx_word' id='word_1_120' title='bbox 212 2109 501 2182; x_wconf 81' lang='lat' dir='ltr'><strong>grandineSyrtie,</strong></span> <span class='ocrx_word' id='word_1_121' title='bbox 516 2112 755 2182; x_wconf 79' lang='lat' dir='ltr'><strong>numLibyaesso-</strong></span> <span class='ocrx_word' id='word_1_122' title='bbox 807 2118 875 2181; x_wconf 89' lang='lat' dir='ltr'><strong>quet</strong></span> <span class='ocrx_word' id='word_1_123' title='bbox 904 2128 1037 2183; x_wconf 79' lang='lat' dir='ltr'><strong>aquosam</strong></span> <span class='ocrx_word' id='word_1_124' title='bbox 1064 2115 1181 2170; x_wconf 89' lang='lat' dir='ltr'><strong>hiemem</strong></span> <span class='ocrx_word' id='word_1_125' title='bbox 1211 2124 1240 2172; x_wconf 89' lang='lat' dir='ltr'><strong>et</strong></span> <span class='ocrx_word' id='word_1_126' title='bbox 1270 2120 1347 2174; x_wconf 85' lang='grc'><strong>44414</strong></span> 
     </span>
     <span class='ocr_line' id='line_1_20' title="bbox 214 2197 1261 2270; baseline 0.002 -17"><span class='ocrx_word' id='word_1_127' title='bbox 214 2215 276 2253; x_wconf 87' lang='grc'><strong>4444</strong></span> <span class='ocrx_word' id='word_1_128' title='bbox 295 2199 383 2254; x_wconf 87' lang='grc'><strong>144144</strong></span> <span class='ocrx_word' id='word_1_129' title='bbox 401 2199 480 2266; x_wconf 87' lang='lat' dir='ltr'><strong>niger</strong></span> <span class='ocrx_word' id='word_1_130' title='bbox 503 2198 600 2253; x_wconf 88' lang='lat' dir='ltr'><strong>attulit</strong></span> <span class='ocrx_word' id='word_1_131' title='bbox 626 2197 756 2254; x_wconf 79' lang='lat' dir='ltr'><strong>imbres</strong></span> <span class='ocrx_word' id='word_1_132' title='bbox 809 2214 880 2253; x_wconf 80' lang='lat' dir='ltr'><strong>aava</strong></span> <span class='ocrx_word' id='word_1_133' title='bbox 897 2199 993 2254; x_wconf 91' lang='lat' dir='ltr'><strong>nubila</strong></span> <span class='ocrx_word' id='word_1_134' title='bbox 1011 2201 1114 2270; x_wconf 86' lang='lat' dir='ltr'><strong>rumpit</strong></span> <span class='ocrx_word' id='word_1_135' title='bbox 1131 2202 1181 2266; x_wconf 90' lang='lat' dir='ltr'><strong>IX,</strong></span> <span class='ocrx_word' id='word_1_136' title='bbox 1203 2207 1261 2256; x_wconf 86' lang='grc'><strong>661.</strong></span> 
     </span>
     <span class='ocr_line' id='line_1_21' title="bbox 211 2284 370 2351; baseline 0 -11"><span class='ocrx_word' id='word_1_137' title='bbox 211 2284 289 2351; x_wconf 85' lang='lat' dir='ltr'>VIII,</span> <span class='ocrx_word' id='word_1_138' title='bbox 310 2287 370 2340; x_wconf 86' lang='grc'><strong>401.</strong></span> 
     </span>
    </p>
   </div>
   <div class='ocr_carea' id='block_1_8' title="bbox 295 2412 790 2492">
    <p class='ocr_par' dir='ltr' id='par_1_8' title="bbox 295 2412 790 2492">
     <span class='ocr_line' id='line_1_22' title="bbox 295 2412 790 2492; baseline -0.006 -19"><span class='ocrx_word' id='word_1_139' title='bbox 295 2428 398 2491; x_wconf 78' lang='lat' dir='ltr'><strong>remp.</strong></span> <span class='ocrx_word' id='word_1_140' title='bbox 423 2412 580 2490; x_wconf 81' lang='lat' dir='ltr'><strong>pugnator</strong></span> <span class='ocrx_word' id='word_1_141' title='bbox 604 2425 674 2472; x_wconf 83' lang='lat' dir='ltr'><strong>cum</strong></span> <span class='ocrx_word' id='word_1_142' title='bbox 696 2427 790 2492; x_wconf 91' lang='lat' dir='ltr'><strong>rupe:</strong></span> 
     </span>
    </p>
   </div>
   <div class='ocr_carea' id='block_1_9' title="bbox 210 2527 1347 3035">
    <p class='ocr_par' dir='ltr' id='par_1_9' title="bbox 210 2527 1347 3035">
     <span class='ocr_line' id='line_1_23' title="bbox 245 2527 1347 2603; baseline 0.004 -19"><span class='ocrx_word' id='word_1_143' title='bbox 245 2545 297 2585; x_wconf 87' lang='grc'><strong>444</strong></span> <span class='ocrx_word' id='word_1_144' title='bbox 325 2527 456 2582; x_wconf 79' lang='lat' dir='ltr'><strong>fluetibus</strong></span> <span class='ocrx_word' id='word_1_145' title='bbox 492 2528 596 2583; x_wconf 91' lang='lat' dir='ltr'><strong>obvia</strong></span> <span class='ocrx_word' id='word_1_146' title='bbox 630 2544 752 2598; x_wconf 82' lang='lat' dir='ltr'><strong>rupea,</strong></span> <span class='ocrx_word' id='word_1_147' title='bbox 841 2528 888 2582; x_wconf 89' lang='lat' dir='ltr'><strong>ille</strong></span> <span class='ocrx_word' id='word_1_148' title='bbox 906 2529 984 2585; x_wconf 87' lang='lat' dir='ltr'><strong>velut</strong></span> <span class='ocrx_word' id='word_1_149' title='bbox 1001 2544 1121 2597; x_wconf 83' lang='lat' dir='ltr'><strong>rupee,</strong></span> <span class='ocrx_word' id='word_1_150' title='bbox 1147 2536 1259 2586; x_wconf 80' lang='lat' dir='ltr'><strong>vastum</strong></span> <span class='ocrx_word' id='word_1_151' title='bbox 1277 2549 1347 2603; x_wconf 89' lang='lat' dir='ltr'><strong>quae</strong></span> 
     </span>
     <span class='ocr_line' id='line_1_24' title="bbox 211 2615 1346 2687; baseline 0.004 -16"><span class='ocrx_word' id='word_1_152' title='bbox 211 2618 256 2671; x_wconf 84' lang='lat' dir='ltr'><strong>aui</strong></span> <span class='ocrx_word' id='word_1_153' title='bbox 285 2631 375 2687; x_wconf 90' lang='lat' dir='ltr'><strong>neque</strong></span> <span class='ocrx_word' id='word_1_154' title='bbox 404 2615 439 2669; x_wconf 87' lang='lat' dir='ltr'><strong>de</strong></span> <span class='ocrx_word' id='word_1_155' title='bbox 470 2615 572 2670; x_wconf 88' lang='grc'><strong>44414</strong></span> <span class='ocrx_word' id='word_1_156' title='bbox 601 2619 692 2671; x_wconf 81' lang='lat' dir='ltr'><strong>metue</strong></span> <span class='ocrx_word' id='word_1_157' title='bbox 725 2620 755 2670; x_wconf 89' lang='lat' dir='ltr'><strong>et</strong></span> <span class='ocrx_word' id='word_1_158' title='bbox 806 2615 900 2682; x_wconf 89' lang='lat' dir='ltr'><strong>prodit</strong></span> <span class='ocrx_word' id='word_1_159' title='bbox 915 2615 942 2679; x_wconf 87' lang='lat' dir='ltr'><strong>ln</strong></span> <span class='ocrx_word' id='word_1_160' title='bbox 960 2631 1102 2686; x_wconf 88' lang='lat' dir='ltr'><strong>aequor,</strong></span> <span class='ocrx_word' id='word_1_161' title='bbox 1126 2616 1346 2675; x_wconf 88' lang='lat' dir='ltr'><strong>obviavento-</strong></span> 
     </span>
     <span class='ocr_line' id='line_1_25' title="bbox 211 2700 1345 2778; baseline 0.003 -21"><span class='ocrx_word' id='word_1_162' title='bbox 211 2702 300 2758; x_wconf 78' lang='lat' dir='ltr'><strong>fracta</strong></span> <span class='ocrx_word' id='word_1_163' title='bbox 341 2718 493 2772; x_wconf 87' lang='lat' dir='ltr'><strong>aequora</strong></span> <span class='ocrx_word' id='word_1_164' title='bbox 534 2702 649 2766; x_wconf 87' lang='lat' dir='ltr'><strong>cedunt,</strong></span> <span class='ocrx_word' id='word_1_165' title='bbox 697 2705 755 2755; x_wconf 87' lang='grc'><strong>4444</strong></span> <span class='ocrx_word' id='word_1_166' title='bbox 806 2718 866 2756; x_wconf 92' lang='lat' dir='ltr'><strong>rum</strong></span> <span class='ocrx_word' id='word_1_167' title='bbox 876 2700 957 2755; x_wconf 78' lang='lat' dir='ltr'><strong>iuriis</strong></span> <span class='ocrx_word' id='word_1_168' title='bbox 967 2707 1274 2778; x_wconf 76' lang='lat' dir='ltr'><strong>expostaqueponte,</strong></span> <span class='ocrx_word' id='word_1_169' title='bbox 1290 2707 1345 2760; x_wconf 89' lang='lat' dir='ltr'><strong>vim</strong></span> 
     </span>
     <span class='ocr_line' id='line_1_26' title="bbox 210 2787 1347 2861; baseline 0.006 -20"><span class='ocrx_word' id='word_1_170' title='bbox 210 2789 350 2843; x_wconf 82' lang='lat' dir='ltr'><strong>cunctis</strong></span> <span class='ocrx_word' id='word_1_171' title='bbox 369 2787 507 2841; x_wconf 89' lang='lat' dir='ltr'><strong>immota</strong></span> <span class='ocrx_word' id='word_1_172' title='bbox 530 2787 646 2856; x_wconf 83' lang='lat' dir='ltr'><strong>mInis:</strong></span> <span class='ocrx_word' id='word_1_173' title='bbox 674 2789 754 2842; x_wconf 89' lang='lat' dir='ltr'><strong>timet</strong></span> <span class='ocrx_word' id='word_1_174' title='bbox 807 2792 963 2842; x_wconf 85' lang='grc'><strong>44444444</strong></span> <span class='ocrx_word' id='word_1_175' title='bbox 993 2796 1079 2860; x_wconf 90' lang='lat' dir='ltr'><strong>atque</strong></span> <span class='ocrx_word' id='word_1_176' title='bbox 1105 2790 1214 2845; x_wconf 82' lang='lat' dir='ltr'><strong>minas</strong></span> <span class='ocrx_word' id='word_1_177' title='bbox 1241 2791 1347 2861; x_wconf 84' lang='lat' dir='ltr'><strong>perfert</strong></span> 
     </span>
     <span class='ocr_line' id='line_1_27' title="bbox 211 2874 1347 2945; baseline 0.004 -17"><span class='ocrx_word' id='word_1_178' title='bbox 211 2876 271 2945; x_wconf 82' lang='lat' dir='ltr'><strong>ipse</strong></span> <span class='ocrx_word' id='word_1_179' title='bbox 283 2875 566 2942; x_wconf 82' lang='lat' dir='ltr'><strong>rIgentempontus</strong></span> <span class='ocrx_word' id='word_1_180' title='bbox 591 2877 620 2928; x_wconf 90' lang='lat' dir='ltr'><strong>et</strong></span> <span class='ocrx_word' id='word_1_181' title='bbox 642 2889 676 2927; x_wconf 84' lang='lat' dir='ltr'><strong>ex</strong></span> <span class='ocrx_word' id='word_1_182' title='bbox 694 2874 753 2928; x_wconf 89' lang='grc'><strong>4144</strong></span> <span class='ocrx_word' id='word_1_183' title='bbox 806 2874 969 2944; x_wconf 83' lang='lat' dir='ltr'><strong>eaeIIque</strong></span> <span class='ocrx_word' id='word_1_184' title='bbox 999 2876 1150 2945; x_wconf 82' lang='lat' dir='ltr'><strong>marisque,</strong></span> <span class='ocrx_word' id='word_1_185' title='bbox 1188 2879 1250 2945; x_wconf 81' lang='lat' dir='ltr'><strong>ipsa</strong></span> <span class='ocrx_word' id='word_1_186' title='bbox 1283 2879 1347 2932; x_wconf 90' lang='lat' dir='ltr'><strong>im-</strong></span> 
     </span>
     <span class='ocr_line' id='line_1_28' title="bbox 210 2959 1163 3035; baseline 0.001 -20"><span class='ocrx_word' id='word_1_187' title='bbox 210 2963 328 3016; x_wconf 83' lang='lat' dir='ltr'><strong>miserae</strong></span> <span class='ocrx_word' id='word_1_188' title='bbox 346 2975 448 3015; x_wconf 87' lang='lat' dir='ltr'><strong>novere</strong></span> <span class='ocrx_word' id='word_1_189' title='bbox 467 2959 577 3014; x_wconf 82' lang='lat' dir='ltr'><strong>carinae</strong></span> <span class='ocrx_word' id='word_1_190' title='bbox 594 2959 645 3035; x_wconf 83' lang='lat' dir='ltr'><strong>IX,</strong></span> <span class='ocrx_word' id='word_1_191' title='bbox 665 2961 707 3011; x_wconf 82' lang='lat'><strong>92.</strong></span> <span class='ocrx_word' id='word_1_192' title='bbox 806 2966 897 3014; x_wconf 86' lang='lat' dir='ltr'><strong>mota</strong></span> <span class='ocrx_word' id='word_1_193' title='bbox 915 2977 1031 3027; x_wconf 69' lang='lat' dir='ltr'><strong>manens,</strong></span> <span class='ocrx_word' id='word_1_194' title='bbox 1048 2963 1083 3029; x_wconf 89' lang='lat' dir='ltr'><strong>X,</strong></span> <span class='ocrx_word' id='word_1_195' title='bbox 1104 2965 1163 3016; x_wconf 86' lang='grc'><strong>693.</strong></span> 
     </span>
    </p>
   </div>
   <div class='ocr_carea' id='block_1_10' title="bbox 296 3080 926 3169">
    <p class='ocr_par' dir='ltr' id='par_1_10' title="bbox 296 3080 926 3169">
     <span class='ocr_line' id='line_1_29' title="bbox 296 3080 926 3169; baseline 0.002 -19"><span class='ocrx_word' id='word_1_196' title='bbox 296 3104 400 3169; x_wconf 80' lang='lat' dir='ltr'><strong>comp.</strong></span> <span class='ocrx_word' id='word_1_197' title='bbox 425 3088 527 3147; x_wconf 89' lang='lat' dir='ltr'><strong>mater</strong></span> <span class='ocrx_word' id='word_1_198' title='bbox 548 3103 576 3148; x_wconf 92' lang='grc'><strong>4.</strong></span> <span class='ocrx_word' id='word_1_199' title='bbox 601 3080 717 3166; x_wconf 82' lang='lat' dir='ltr'><strong>tigride</strong></span> <span class='ocrx_word' id='word_1_200' title='bbox 740 3088 772 3148; x_wconf 90' lang='grc'><strong>44</strong></span> <span class='ocrx_word' id='word_1_201' title='bbox 793 3082 926 3151; x_wconf 74' lang='grc'><strong>1444444</strong></span> 
     </span>
    </p>
   </div>
   <div class='ocr_carea' id='block_1_11' title="bbox 208 3201 1346 3364">
    <p class='ocr_par' dir='ltr' id='par_1_11' title="bbox 208 3201 1346 3364">
     <span class='ocr_line' id='line_1_30' title="bbox 244 3201 1345 3274; baseline 0.003 -15"><span class='ocrx_word' id='word_1_202' title='bbox 244 3205 284 3260; x_wconf 82' lang='lat' dir='ltr'><strong>sia</strong></span> <span class='ocrx_word' id='word_1_203' title='bbox 307 3220 406 3274; x_wconf 85' lang='lat' dir='ltr'><strong>aspera</strong></span> <span class='ocrx_word' id='word_1_204' title='bbox 429 3203 510 3272; x_wconf 81' lang='lat' dir='ltr'><strong>tigris</strong></span> <span class='ocrx_word' id='word_1_205' title='bbox 528 3201 632 3257; x_wconf 81' lang='lat' dir='ltr'><strong>fetibus</strong></span> <span class='ocrx_word' id='word_1_206' title='bbox 650 3203 752 3273; x_wconf 89' lang='lat' dir='ltr'><strong>abrep-</strong></span> <span class='ocrx_word' id='word_1_207' title='bbox 838 3209 924 3273; x_wconf 90' lang='lat' dir='ltr'><strong>utque</strong></span> <span class='ocrx_word' id='word_1_208' title='bbox 949 3202 1017 3258; x_wconf 83' lang='lat' dir='ltr'><strong>furit</strong></span> <span class='ocrx_word' id='word_1_209' title='bbox 1042 3206 1135 3260; x_wconf 82' lang='lat' dir='ltr'><strong>catulo</strong></span> <span class='ocrx_word' id='word_1_210' title='bbox 1159 3206 1281 3262; x_wconf 81' lang='lat' dir='ltr'><strong>lactente</strong></span> <span class='ocrx_word' id='word_1_211' title='bbox 1299 3225 1345 3262; x_wconf 90' lang='lat' dir='ltr'><strong>or-</strong></span> 
     </span>
     <span class='ocr_line' id='line_1_31' title="bbox 208 3288 1346 3364; baseline 0.003 -17"><span class='ocrx_word' id='word_1_212' title='bbox 208 3291 246 3347; x_wconf 81' lang='grc'><strong>414</strong></span> <span class='ocrx_word' id='word_1_213' title='bbox 259 3289 392 3362; x_wconf 83' lang='lat' dir='ltr'><strong>ScythIao</strong></span> <span class='ocrx_word' id='word_1_214' title='bbox 405 3289 517 3344; x_wconf 84' lang='lat' dir='ltr'><strong>deserta</strong></span> <span class='ocrx_word' id='word_1_215' title='bbox 534 3288 587 3344; x_wconf 87' lang='grc'><strong>441)</strong></span> <span class='ocrx_word' id='word_1_216' title='bbox 604 3295 686 3344; x_wconf 87' lang='grc'><strong>44444</strong></span> <span class='ocrx_word' id='word_1_217' title='bbox 704 3305 752 3344; x_wconf 85' lang='lat' dir='ltr'><strong>ac·</strong></span> <span class='ocrx_word' id='word_1_218' title='bbox 803 3288 870 3344; x_wconf 88' lang='lat' dir='ltr'><strong>bata</strong></span> <span class='ocrx_word' id='word_1_219' title='bbox 882 3291 987 3356; x_wconf 87' lang='lat' dir='ltr'><strong>leaena,</strong></span> <span class='ocrx_word' id='word_1_220' title='bbox 1005 3291 1169 3361; x_wconf 79' lang='lat' dir='ltr'><strong>signaque</strong></span> <span class='ocrx_word' id='word_1_221' title='bbox 1185 3298 1267 3349; x_wconf 80' lang='lat' dir='ltr'><strong>nacta</strong></span> <span class='ocrx_word' id='word_1_222' title='bbox 1285 3311 1346 3364; x_wconf 90' lang='lat' dir='ltr'><strong>pe·</strong></span> 
     </span>
    </p>
   </div>
   <div class='ocr_carea' id='block_1_12' title="bbox 208 3375 1344 3528">
    <p class='ocr_par' dir='ltr' id='par_1_12' title="bbox 208 3375 1344 3528">
     <span class='ocr_line' id='line_1_32' title="bbox 209 3375 1344 3447; baseline 0.002 -15"><span class='ocrx_word' id='word_1_223' title='bbox 209 3377 293 3431; x_wconf 86' lang='lat' dir='ltr'><strong>cubat</strong></span> <span class='ocrx_word' id='word_1_224' title='bbox 312 3383 341 3432; x_wconf 87' lang='lat' dir='ltr'><strong>et</strong></span> <span class='ocrx_word' id='word_1_225' title='bbox 362 3375 450 3443; x_wconf 87' lang='lat' dir='ltr'><strong>tepidi</strong></span> <span class='ocrx_word' id='word_1_226' title='bbox 473 3375 571 3430; x_wconf 90' lang='lat' dir='ltr'><strong>lambit</strong></span> <span class='ocrx_word' id='word_1_227' title='bbox 595 3376 751 3445; x_wconf 81' lang='lat' dir='ltr'><strong>vestigia</strong></span> <span class='ocrx_word' id='word_1_228' title='bbox 804 3376 879 3429; x_wconf 91' lang='lat' dir='ltr'><strong>dum</strong></span> <span class='ocrx_word' id='word_1_229' title='bbox 898 3377 1024 3446; x_wconf 85' lang='lat' dir='ltr'><strong>sequitur</strong></span> <span class='ocrx_word' id='word_1_230' title='bbox 1041 3393 1123 3447; x_wconf 88' lang='lat' dir='ltr'><strong>quem</strong></span> <span class='ocrx_word' id='word_1_231' title='bbox 1137 3395 1192 3433; x_wconf 87' lang='lat' dir='ltr'><strong>nen</strong></span> <span class='ocrx_word' id='word_1_232' title='bbox 1205 3380 1284 3436; x_wconf 88' lang='lat' dir='ltr'><strong>videt</strong></span> <span class='ocrx_word' id='word_1_233' title='bbox 1295 3381 1344 3434; x_wconf 86' lang='lat' dir='ltr'><strong>ho·</strong></span> 
     </span>
     <span class='ocr_line' id='line_1_33' title="bbox 208 3463 1102 3528; baseline -0.002 -10"><span class='ocrx_word' id='word_1_234' title='bbox 208 3464 270 3518; x_wconf 77' lang='lat' dir='ltr'><strong>saxi</strong></span> <span class='ocrx_word' id='word_1_235' title='bbox 288 3464 324 3528; x_wconf 86' lang='lat' dir='ltr'><strong>X,</strong></span> <span class='ocrx_word' id='word_1_236' title='bbox 345 3465 404 3515; x_wconf 82' lang='lat'>820.</span> <span class='ocrx_word' id='word_1_237' title='bbox 802 3467 873 3518; x_wconf 83' lang='lat' dir='ltr'><strong>stem</strong></span> <span class='ocrx_word' id='word_1_238' title='bbox 891 3479 926 3516; x_wconf 95' lang='lat' dir='ltr'><strong>m.</strong></span> <span class='ocrx_word' id='word_1_239' title='bbox 942 3463 1021 3527; x_wconf 89' lang='lat' dir='ltr'>XIII,</span> <span class='ocrx_word' id='word_1_240' title='bbox 1043 3464 1102 3516; x_wconf 82' lang='grc'><strong>541.</strong></span> 
     </span>
    </p>
   </div>
   <div class='ocr_carea' id='block_1_13' title="bbox 295 3562 1243 3670">
    <p class='ocr_par' dir='ltr' id='par_1_13' title="bbox 295 3562 1243 3670">
     <span class='ocr_line' id='line_1_34' title="bbox 295 3562 1243 3670; baseline -0.001 -21"><span class='ocrx_word' id='word_1_241' title='bbox 295 3604 398 3667; x_wconf 83' lang='lat' dir='ltr'><strong>comp.</strong></span> <span class='ocrx_word' id='word_1_242' title='bbox 416 3583 636 3667; x_wconf 90' lang='lat' dir='ltr'><strong>perturbatum</strong></span> <span class='ocrx_word' id='word_1_243' title='bbox 659 3584 776 3667; x_wconf 79' lang='lat' dir='ltr'><strong>vulgus</strong></span> <span class='ocrx_word' id='word_1_244' title='bbox 799 3584 960 3670; x_wconf 77' lang='lat' dir='ltr'><strong>napibus</strong></span> <span class='ocrx_word' id='word_1_245' title='bbox 983 3584 1135 3650; x_wconf 81' lang='lat' dir='ltr'><strong>turbatis:</strong></span> <span class='ocrx_word' id='word_1_246' title='bbox 1239 3562 1243 3568; x_wconf 32' lang='lat'>⁸</span> 
     </span>
    </p>
   </div>
   <div class='ocr_carea' id='block_1_14' title="bbox 208 3705 1346 4127">
    <p class='ocr_par' dir='ltr' id='par_1_14' title="bbox 208 3705 1346 4127">
     <span class='ocr_line' id='line_1_35' title="bbox 243 3705 1345 3775; baseline 0.004 -17"><span class='ocrx_word' id='word_1_247' title='bbox 243 3706 284 3760; x_wconf 81' lang='lat' dir='ltr'><strong>aie</strong></span> <span class='ocrx_word' id='word_1_248' title='bbox 302 3705 351 3761; x_wconf 94' lang='lat' dir='ltr'><strong>ubi</strong></span> <span class='ocrx_word' id='word_1_249' title='bbox 368 3705 526 3775; x_wconf 81' lang='lat' dir='ltr'><strong>pumiceo</strong></span> <span class='ocrx_word' id='word_1_250' title='bbox 544 3710 667 3774; x_wconf 86' lang='lat' dir='ltr'><strong>pastor</strong></span> <span class='ocrx_word' id='word_1_251' title='bbox 684 3722 749 3774; x_wconf 88' lang='lat' dir='ltr'><strong>rap·</strong></span> <span class='ocrx_word' id='word_1_252' title='bbox 835 3705 957 3760; x_wconf 79' lang='lat' dir='ltr'><strong>inclusae</strong></span> <span class='ocrx_word' id='word_1_253' title='bbox 989 3710 1021 3760; x_wconf 91' lang='lat' dir='ltr'><strong>ut</strong></span> <span class='ocrx_word' id='word_1_254' title='bbox 1053 3721 1116 3760; x_wconf 85' lang='lat' dir='ltr'><strong>eum</strong></span> <span class='ocrx_word' id='word_1_255' title='bbox 1145 3706 1287 3762; x_wconf 83' lang='lat' dir='ltr'><strong>latebroso</strong></span> <span class='ocrx_word' id='word_1_256' title='bbox 1317 3710 1345 3764; x_wconf 81' lang='lat' dir='ltr'><strong>ln</strong></span> 
     </span>
     <span class='ocr_line' id='line_1_36' title="bbox 208 3791 1344 3863; baseline 0.004 -18"><span class='ocrx_word' id='word_1_257' title='bbox 208 3796 287 3846; x_wconf 84' lang='lat' dir='ltr'><strong>turus</strong></span> <span class='ocrx_word' id='word_1_258' title='bbox 322 3792 357 3847; x_wconf 86' lang='lat' dir='ltr'><strong>ab</strong></span> <span class='ocrx_word' id='word_1_259' title='bbox 396 3796 476 3847; x_wconf 88' lang='lat' dir='ltr'><strong>antro</strong></span> <span class='ocrx_word' id='word_1_260' title='bbox 505 3795 627 3846; x_wconf 81' lang='lat' dir='ltr'><strong>armatas</strong></span> <span class='ocrx_word' id='word_1_261' title='bbox 662 3793 752 3846; x_wconf 83' lang='lat' dir='ltr'><strong>erexit</strong></span> <span class='ocrx_word' id='word_1_262' title='bbox 802 3791 937 3861; x_wconf 80' lang='lat' dir='ltr'><strong>pumice</strong></span> <span class='ocrx_word' id='word_1_263' title='bbox 954 3793 1344 3863; x_wconf 81' lang='lat' dir='ltr'><strong>pastorvestigavitapes</strong></span> 
     </span>
     <span class='ocr_line' id='line_1_37' title="bbox 208 3876 1346 3948; baseline 0.003 -15"><span class='ocrx_word' id='word_1_264' title='bbox 208 3894 307 3948; x_wconf 78' lang='lat' dir='ltr'><strong>apes,</strong></span> <span class='ocrx_word' id='word_1_265' title='bbox 336 3876 429 3933; x_wconf 81' lang='lat' dir='ltr'><strong>fremit</strong></span> <span class='ocrx_word' id='word_1_266' title='bbox 452 3893 553 3948; x_wconf 82' lang='lat' dir='ltr'><strong>aspera</strong></span> <span class='ocrx_word' id='word_1_267' title='bbox 574 3876 678 3932; x_wconf 80' lang='lat' dir='ltr'><strong>nubes:</strong></span> <span class='ocrx_word' id='word_1_268' title='bbox 708 3878 751 3932; x_wconf 92' lang='lat' dir='ltr'><strong>in·</strong></span> <span class='ocrx_word' id='word_1_269' title='bbox 803 3876 934 3948; x_wconf 81' lang='lat' dir='ltr'><strong>fumoque</strong></span> <span class='ocrx_word' id='word_1_270' title='bbox 952 3878 1079 3946; x_wconf 89' lang='lat' dir='ltr'><strong>implevit</strong></span> <span class='ocrx_word' id='word_1_271' title='bbox 1094 3894 1202 3934; x_wconf 86' lang='lat' dir='ltr'><strong>amaro:</strong></span> <span class='ocrx_word' id='word_1_272' title='bbox 1223 3880 1289 3935; x_wconf 92' lang='lat' dir='ltr'><strong>illae</strong></span> <span class='ocrx_word' id='word_1_273' title='bbox 1304 3882 1346 3936; x_wconf 85' lang='lat' dir='ltr'><strong>In-</strong></span> 
     </span>
     <span class='ocr_line' id='line_1_38' title="bbox 209 3963 1345 4035; baseline 0.004 -17"><span class='ocrx_word' id='word_1_274' title='bbox 209 3979 263 4033; x_wconf 90' lang='lat' dir='ltr'><strong>que</strong></span> <span class='ocrx_word' id='word_1_275' title='bbox 282 3965 372 4019; x_wconf 81' lang='lat' dir='ltr'><strong>vicem</strong></span> <span class='ocrx_word' id='word_1_276' title='bbox 390 3979 451 4018; x_wconf 86' lang='grc'><strong>4444</strong></span> <span class='ocrx_word' id='word_1_277' title='bbox 470 3964 626 4018; x_wconf 78' lang='lat' dir='ltr'><strong>stridore</strong></span> <span class='ocrx_word' id='word_1_278' title='bbox 639 3963 752 4018; x_wconf 83' lang='grc'><strong>1444444-</strong></span> <span class='ocrx_word' id='word_1_279' title='bbox 804 3967 849 4017; x_wconf 90' lang='grc'><strong>444</strong></span> <span class='ocrx_word' id='word_1_280' title='bbox 868 3963 992 4032; x_wconf 85' lang='lat' dir='ltr'><strong>trepidae</strong></span> <span class='ocrx_word' id='word_1_281' title='bbox 1011 3981 1100 4021; x_wconf 89' lang='lat' dir='ltr'><strong>rerum</strong></span> <span class='ocrx_word' id='word_1_282' title='bbox 1118 3982 1169 4035; x_wconf 90' lang='lat' dir='ltr'><strong>per</strong></span> <span class='ocrx_word' id='word_1_283' title='bbox 1195 3981 1277 4022; x_wconf 83' lang='lat' dir='ltr'><strong>cerea</strong></span> <span class='ocrx_word' id='word_1_284' title='bbox 1300 3983 1345 4022; x_wconf 84' lang='lat' dir='ltr'><strong>ea-</strong></span> 
     </span>
     <span class='ocr_line' id='line_1_39' title="bbox 209 4049 1344 4127; baseline 0.003 -23"><span class='ocrx_word' id='word_1_285' title='bbox 209 4056 255 4104; x_wconf 89' lang='lat' dir='ltr'><strong>tur</strong></span> <span class='ocrx_word' id='word_1_286' title='bbox 289 4055 319 4106; x_wconf 90' lang='lat' dir='ltr'><strong>et</strong></span> <span class='ocrx_word' id='word_1_287' title='bbox 340 4065 436 4104; x_wconf 83' lang='lat' dir='ltr'><strong>omnes</strong></span> <span class='ocrx_word' id='word_1_288' title='bbox 459 4049 549 4104; x_wconf 82' lang='lat' dir='ltr'><strong>hostia</strong></span> <span class='ocrx_word' id='word_1_289' title='bbox 570 4049 599 4103; x_wconf 90' lang='lat' dir='ltr'><strong>in</strong></span> <span class='ocrx_word' id='word_1_290' title='bbox 628 4065 678 4104; x_wconf 89' lang='lat' dir='ltr'><strong>ora</strong></span> <span class='ocrx_word' id='word_1_291' title='bbox 701 4065 752 4104; x_wconf 91' lang='lat' dir='ltr'><strong>vo·</strong></span> <span class='ocrx_word' id='word_1_292' title='bbox 807 4054 865 4106; x_wconf 85' lang='lat' dir='ltr'><strong>atra</strong></span> <span class='ocrx_word' id='word_1_293' title='bbox 883 4050 1042 4108; x_wconf 83' lang='lat' dir='ltr'><strong>discurrunt</strong></span> <span class='ocrx_word' id='word_1_294' title='bbox 1058 4053 1222 4127; x_wconf 78' lang='lat' dir='ltr'><strong>magnisque</strong></span> <span class='ocrx_word' id='word_1_295' title='bbox 1240 4057 1344 4111; x_wconf 83' lang='lat' dir='ltr'><strong>acuunt</strong></span> 
     </span>
    </p>
   </div>
   <div class='ocr_carea' id='block_1_15' title="bbox 276 4271 835 4346">
    <p class='ocr_par' dir='ltr' id='par_1_15' title="bbox 222 4271 835 4346">
     <span class='ocr_line' id='line_1_40' title="bbox 276 4271 835 4346; baseline 0.029 -21.414"><span class='ocrx_word' id='word_1_296' title='bbox 276 4273 307 4341; x_wconf 74' lang='grc'><strong>55)</strong></span> <span class='ocrx_word' id='word_1_297' title='bbox 326 4271 362 4327; x_wconf 83' lang='lat' dir='ltr'><strong>ci.</strong></span> <span class='ocrx_word' id='word_1_298' title='bbox 382 4273 501 4345; x_wconf 86' lang='lat' dir='ltr'><strong>append.</strong></span> <span class='ocrx_word' id='word_1_299' title='bbox 520 4273 583 4332; x_wconf 79' lang='lat' dir='ltr'><strong>arit-</strong></span> <span class='ocrx_word' id='word_1_300' title='bbox 603 4287 668 4346; x_wconf 76' lang='lat' dir='ltr'><strong>pag·</strong></span> <span class='ocrx_word' id='word_1_301' title='bbox 685 4274 744 4330; x_wconf 70' lang='lat'><strong>2¹2»</strong></span> <span class='ocrx_word' id='word_1_302' title='bbox 833 4325 835 4330; x_wconf 84' lang='lat'><em>-</em></span> 
     </span>
    </p>
   </div>
   <div class='ocr_carea' id='block_1_16' title="bbox 0 0 1404 4830">
    <p class='ocr_par' dir='ltr' id='par_1_16' title="bbox 0 0 1404 4830">
     <span class='ocr_line' id='line_1_41' title="bbox 0 0 1404 4830; baseline 0 1"><span class='ocrx_word' id='word_1_303' title='bbox 0 0 1404 4830; x_wconf 95' lang='lat' dir='ltr'><strong> </strong></span> 
     </span>
    </p>
   </div>
  </div>
 </body>
</html>
