2798 4830
207 330 266 389 124
644 365 683 373 -
733 329 817 408 [214]
865 367 906 374 -

293 516 375 582 hane
397 517 510 582 eaeli
533 516 596 580 vim
620 516 717 581 habet
739 517 831 580 axis
854 516 905 580 his
928 518 1024 582 loeis:

273 652 343 708 Aen.
366 653 415 715 IV,
437 655 501 706 482:
528 653 574 705 ubi
590 655 722 708 streames
739 655 840 706 Ailana
865 674 942 708 neem
965 674 1054 708 aserere
1079 661 1183 724 torquet
1199 657 1285 709 stellis
1303 676 1346 708 er-

210 741 328 794 dentr'bus
347 746 447 810 aptum.
485 740 554 794 Aen.
579 739 613 804 ll,
640 742 705 792 512:
734 742 854 810 nudoque
880 742 926 794 sub
945 742 1059 794 aetheris
1077 761 1134 795 uae.
1173 740 1247 796 Aen.
1268 742 1344 806 VIII,

205 830 253 880 28:
273 826 405 899 qelr'dr‘que
423 827 470 880 aab
488 828 600 880 aetheris
619 846 676 880 eae.
715 827 781 881 Met.
802 828 824 893 I,
845 830 909 880 255:
940 829 1084 897 torqueque
1110 828 1261 881 ardesceret
1278 830 1344 882 aeis.

200 913 288 968 Theb.
309 914 366 979 III,
390 916 451 965 112:
479 915 599 982 reeteque
623 913 668 967 sub
692 933 741 967 uae
769 914 905 967 tercenteni.
943 913 1031 968 Theb.
1053 915 1105 978 III,
1129 916 1194 966 109:
1223 915 1345 968 rnenrbus

201 1001 364 1054 aristenetus
386 1001 503 1070 Opppe'e's.
541 999 629 1053 Theb.
645 1000 700 1063 ·XI‚
722 1002 789 1052 stt:
819 1000 939 1070 nudeque
956 1002 1003 1053 sub
1021 1020 1071 1054 aee
1089 1001 1218 1070 relinqui.
1257 1001 1343 1056 Theb.

201 1088 280 1151 VIII,
301 1090 348 1138 53:
378 1087 520 1156 astriferos
538 1086 650 1138 irrele'aet
670 1087 796 1156 Iuppiter
814 1105 885 1140 axes.
924 1088 987 1143 silv.
1008 1087 1059 1152 III,
1080 1090 1106 1148 3,
1129 1089 1191 1139 136:
1219 1088 1245 1141 si
1260 1092 1344 1158 fleas·

205 1174 319 1244 irriperos
339 1178 437 1226 teneret
449 1191 519 1225 arces.
544 1171 646 1240 quibus
664 1172 773 1227 duobus
792 1173 862 1226 loeis
880 1173 995 1242 pluralis
1014 1189 1144 1229 uumerus
1162 1175 1273 1242 positus
1292 1181 1343 1229 est.

292 1312 342 1375 Ex
365 1310 416 1375 his
439 1311 604 1393 utriusque
628 1311 819 1376 substantivi
843 1311 1130 1395 significationibus
1153 1333 1225 1377 eum
1251 1313 1347 1380 facile

208 1415 354 1481 caneludi
378 1415 490 1500 pessit,
516 1422 642 1482 veteres
666 1437 760 1481 axem
783 1416 815 1480 id
838 1415 981 1500 duxisse,
1008 1417 1040 1481 in
1064 1437 1126 1499 que
1148 1423 1237 1482 astra
1258 1418 1348 1484 vide-

206 1527 323 1603 rentur,
350 1519 435 1584 unde
458 1519 596 1585 fulmina
613 1527 645 1584 et
661 1520 800 1585 tonitrua
817 1519 1046 1603 emitterentur,
1066 1522 1199 1587 verbum
1215 1522 1348 1587 tenendi

206 1622 312 1707 petius
336 1643 408 1687 eum
432 1622 631 1688 substantive
661 1624 753 1687 axis
787 1644 881 1706 quam
905 1623 1018 1689 areis
1041 1624 1191 1708 coniungi
1214 1625 1346 1710 planum

205 1733 263 1808 est,
289 1725 322 1790 id
345 1726 429 1807 qued
452 1727 630 1792 luculenter
653 1727 703 1791 his
727 1745 807 1810 quus
830 1727 914 1810 elegi
931 1748 970 1793 ex
994 1727 1102 1792 multis
1129 1728 1208 1793 loeis
1232 1730 1346 1794 confir-

207 1836 311 1894 matur
322 1856 327 1893 :

274 1966 360 2021 Theb.
382 1968 418 2031 V,
439 1970 485 2019 86:
508 1971 602 2036 qerater
620 1985 669 2020 aee
687 1986 778 2020 sereno
797 1967 919 2021 irrteruuit.
949 1967 1037 2022 Theb.
1053 1970 1105 2033 III,
1121 1971 1186 2022 225:
1207 1975 1280 2022 tonet
1299 1987 1348 2023 aee

202 2053 290 2122 poles.
322 2051 393 2106 Aen.
415 2054 451 2115 V,
473 2054 534 2105 820:
556 2054 603 2106 seb
623 2055 803 2106 steatomati.
833 2054 906 2109 trist.
922 2057 944 2118 l,
967 2058 991 2118 2,
1012 2058 1056 2106 46:
1076 2060 1191 2123 quantae
1209 2057 1242 2109 eb
1260 2058 1349 2111 aethe.

203 2139 244 2190 rio
256 2146 388 2207 personat
413 2159 462 2192 are
476 2143 587 2209 fraper.
625 2139 643 2192 s.
665 2140 721 2205 III,
744 2143 807 2192 368:
839 2147 863 2194 et
884 2143 973 2213 praeis
998 2142 1117 2195 aethereo
1139 2143 1212 2197 venit
1235 2144 1269 2197 ab
1297 2162 1345 2197 aee

196 2228 307 2295 frepor.

283 2521 317 2589 V,
335 2521 407 2576 699:
426 2521 539 2591 Alipota·
555 2539 637 2574 curru
655 2522 701 2573 secl
719 2521 786 2573 raim
805 2520 926 2573 sublimis
944 2523 1079 2575 Adrastus

294 2642 430 2707 Mueller
452 2648 561 2706 eontra
584 2661 693 2707 omnes
722 2641 864 2722 cedices,
902 2642 956 2723 qui
986 2643 1144 2726 alipedum
1179 2648 1344 2728 praebent,

208 2745 391 2811 coniectura
413 2745 510 2828 Angli
532 2745 685 2830 anonymi
709 2746 842 2829 probata
865 2746 988 2811 duobus
1011 2747 1106 2812 loeis:

275 2884 351 2936 Flac.
378 2884 418 2947 V,
438 2884 503 2935 llll:
524 2881 626 2952 elr'predi
644 2923 649 2933 .
674 2926 678 2934 .
702 2925 707 2936 .
729 2926 735 2937 .
757 2902 845 2936 curra.
885 2885 934 2940 Sil.
954 2884 1017 2939 Ital.
1039 2884 1107 2950 VII,
1129 2887 1194 2936 700:
1216 2887 1346 2956 alipedem

209 3012 214 3023 .
233 3014 261 3025 ..
283 2989 399 3023 currem.

210 3098 384 3157 commotus
400 3091 433 3154 in
449 3096 570 3155 textum
587 3091 717 3175 reeepit.
748 3093 806 3157 sed
821 3112 1015 3174 quamquam
1039 3093 1097 3156 bes
1121 3093 1207 3158 leees
1230 3095 1264 3158 in
1288 3095 1347 3158 hae

210 3215 243 3260 re
265 3194 440 3259 iudicanda
463 3215 526 3260 nen
543 3195 634 3278 parvi
650 3195 802 3260 momenti
818 3214 890 3261 esse
906 3195 1145 3262 eoncedendum
1161 3203 1222 3275 est,
1241 3203 1348 3262 tamen

208 3297 317 3363 multis
341 3319 381 3364 ex
404 3298 498 3363 loeis:

277 3434 337 3488 Liv.
360 3436 381 3499 I,
403 3437 450 3487 28:
478 3436 507 3488 ia
525 3452 631 3487 currum
655 3425 746 3488 eeriaa
775 3435 842 3500 (scil.
863 3436 1078 3504 quadrigarum).
1099 3437 1155 3490 Cie.
1173 3438 1208 3491 de
1227 3437 1283 3491 div.
1308 3438 1345 3500 II,

210 3525 257 3575 70:
278 3539 372 3574 curras
390 3523 589 3591 quadriparitus.
627 3520 693 3575 Met.
714 3522 748 3582 V,
771 3524 835 3573 360:
863 3539 994 3590 curruque
1017 3528 1134 3575 atrorem
1158 3529 1245 3577 aeetae
1266 3543 1345 3593 equo-

211 3625 280 3661 rum.
318 3607 420 3676 Georg.
441 3609 491 3670 IV,
513 3609 576 3660 389:
598 3608 685 3661 iuncto
703 3607 826 3676 bipedum
845 3626 925 3661 curru
942 3608 1051 3660 irretitur
1068 3627 1200 3677 equorum.

211 3730 443 3795 substantivum
468 3749 611 3794 currus
641 3728 825 3811 agenitiva
853 3729 963 3794 addite
997 3750 1060 3794 nen
1088 3731 1261 3797 abhorrere
1290 3753 1348 3797 ne-

211 3854 272 3917 que
296 3834 465 3916 quiequam
495 3833 567 3897 miri
589 3833 708 3898 habere
738 3832 822 3897 hune
845 3852 954 3897 easum
976 3833 1010 3897 iu
1033 3834 1093 3899 hae
1115 3836 1347 3901 construetione

210 3937 470 4004 manifestissime
492 3936 637 4001 efficitur.
685 3935 811 4001 aceedit
833 3935 919 4019 qued
941 3935 1063 4001 Statius
1086 3937 1166 4022 ipse,
1204 3938 1258 4021 qui
1280 3939 1346 4022 pri-

211 4063 281 4106 mus
305 4039 519 4107 consulendus
542 4047 600 4122 est,
629 4060 712 4122 quae
736 4039 904 4105 lectionem
927 4040 1072 4106 codicum
1094 4039 1158 4105 fide
1180 4042 1345 4125 probatam

215 4152 378 4224 tueantur,
413 4145 544 4228 praebet
573 4146 685 4208 multa.
730 4143 857 4207 nemina
881 4143 965 4207 enim
989 4143 1171 4227 alipedis
1195 4151 1227 4208 et
1256 4165 1346 4209 eor-

212 4250 391 4335 nipediS,
425 4269 507 4332 quae
537 4247 722 4330 aVergilie
754 4247 883 4330 saepius
913 4253 945 4313 et
975 4247 1042 4312 fere
1066 4267 1192 4331 semper
1213 4247 1346 4315 adieeti-
