<?xml version="1.0" encoding="UTF-8"?>
<!DOCTYPE html PUBLIC "-//W3C//DTD XHTML 1.0 Transitional//EN"
    "http://www.w3.org/TR/xhtml1/DTD/xhtml1-transitional.dtd">
<html xmlns="http://www.w3.org/1999/xhtml" xml:lang="en" lang="en">
 <head>
  <title>
</title>
<meta http-equiv="Content-Type" content="text/html;charset=utf-8" />
  <meta name='ocr-system' content='tesseract 3.04.00' />
  <meta name='ocr-capabilities' content='ocr_page ocr_carea ocr_par ocr_line ocrx_word'/>
</head>
<body>
  <div class='ocr_page' id='page_1' title='image "./deppapiniostati00deipgoog_0078.png"; bbox 0 0 2798 4830; ppageno 0'>
   <div class='ocr_carea' id='block_1_1' title="bbox 217 313 915 393">
    <p class='ocr_par' dir='ltr' id='par_1_1' title="bbox 217 313 915 393">
     <span class='ocr_line' id='line_1_1' title="bbox 217 313 915 393; baseline 0 -19"><span class='ocrx_word' id='word_1_1' title='bbox 217 316 255 374; x_wconf 79' lang='lat'><strong>74</strong></span> <span class='ocrx_word' id='word_1_2' title='bbox 652 350 695 359; x_wconf 93' lang='lat'><em>-</em></span> <span class='ocrx_word' id='word_1_3' title='bbox 741 313 825 393; x_wconf 68' lang='lat' dir='ltr'><strong>[rar]</strong></span> <span class='ocrx_word' id='word_1_4' title='bbox 872 349 915 358; x_wconf 91' lang='lat'><em>-</em></span> 
     </span>
    </p>
   </div>
   <div class='ocr_carea' id='block_1_2' title="bbox 214 498 1349 1089">
    <p class='ocr_par' dir='ltr' id='par_1_2' title="bbox 214 498 1349 1089">
     <span class='ocr_line' id='line_1_2' title="bbox 214 498 1344 564; baseline -0.001 -11"><span class='ocrx_word' id='word_1_5' title='bbox 214 500 279 563; x_wconf 90' lang='lat' dir='ltr'><strong>XII,</strong></span> <span class='ocrx_word' id='word_1_6' title='bbox 303 501 360 553; x_wconf 82' lang='grc'>118.</span> <span class='ocrx_word' id='word_1_7' title='bbox 384 498 456 564; x_wconf 80' lang='lat' dir='ltr'><strong>ml,</strong></span> <span class='ocrx_word' id='word_1_8' title='bbox 475 502 531 554; x_wconf 83' lang='grc'>151.</span> <span class='ocrx_word' id='word_1_9' title='bbox 569 501 605 563; x_wconf 93' lang='grc' dir='ltr'><strong>ΙΙ,</strong></span> <span class='ocrx_word' id='word_1_10' title='bbox 628 501 686 551; x_wconf 81' lang='grc'>161.</span> <span class='ocrx_word' id='word_1_11' title='bbox 717 499 768 562; x_wconf 87' lang='grc' dir='ltr'>ΙΙΙ,</span> <span class='ocrx_word' id='word_1_12' title='bbox 790 502 849 552; x_wconf 83' lang='grc'><strong>336.</strong></span> <span class='ocrx_word' id='word_1_13' title='bbox 882 499 932 563; x_wconf 88' lang='lat' dir='ltr'><strong>IX,</strong></span> <span class='ocrx_word' id='word_1_14' title='bbox 953 501 1012 551; x_wconf 81' lang='grc'>211.</span> <span class='ocrx_word' id='word_1_15' title='bbox 1043 499 1115 562; x_wconf 83' lang='lat' dir='ltr'><strong>(itam</strong></span> <span class='ocrx_word' id='word_1_16' title='bbox 1135 500 1190 553; x_wconf 85' lang='lat' dir='ltr'><strong>iarn</strong></span> <span class='ocrx_word' id='word_1_17' title='bbox 1209 499 1292 552; x_wconf 87' lang='lat' dir='ltr'><strong>Lucr.</strong></span> <span class='ocrx_word' id='word_1_18' title='bbox 1313 499 1344 560; x_wconf 88' lang='lat' dir='ltr'><strong>V,</strong></span> 
     </span>
     <span class='ocr_line' id='line_1_3' title="bbox 215 585 1343 656; baseline 0.001 -18"><span class='ocrx_word' id='word_1_19' title='bbox 215 589 283 652; x_wconf 90' lang='grc'><strong>399).</strong></span> <span class='ocrx_word' id='word_1_20' title='bbox 301 586 305 655; x_wconf 77' lang='lat' dir='ltr'><strong>l</strong></span> <span class='ocrx_word' id='word_1_21' title='bbox 321 600 471 640; x_wconf 91' lang='lat' dir='ltr'><strong>summus</strong></span> <span class='ocrx_word' id='word_1_22' title='bbox 488 592 593 655; x_wconf 87' lang='lat' dir='ltr'><strong>pater</strong></span> <span class='ocrx_word' id='word_1_23' title='bbox 610 585 660 648; x_wconf 86' lang='lat' dir='ltr'><strong>IX,</strong></span> <span class='ocrx_word' id='word_1_24' title='bbox 672 588 715 639; x_wconf 82' lang='lat'><strong>22.</strong></span> <span class='ocrx_word' id='word_1_25' title='bbox 730 609 761 630; x_wconf 95' lang='lat'>=</span> <span class='ocrx_word' id='word_1_26' title='bbox 775 604 801 641; x_wconf 87' lang='lat' dir='ltr'><strong>a.</strong></span> <span class='ocrx_word' id='word_1_27' title='bbox 816 586 838 651; x_wconf 93' lang='lat'><strong>1,</strong></span> <span class='ocrx_word' id='word_1_28' title='bbox 854 589 912 639; x_wconf 84' lang='grc'><strong>666.</strong></span> <span class='ocrx_word' id='word_1_29' title='bbox 931 585 936 656; x_wconf 89' lang='grc' dir='ltr'>Ι</span> <span class='ocrx_word' id='word_1_30' title='bbox 951 593 1055 654; x_wconf 89' lang='lat' dir='ltr'><strong>pater</strong></span> <span class='ocrx_word' id='word_1_31' title='bbox 1067 585 1130 650; x_wconf 89' lang='lat' dir='ltr'><strong>Vll,</strong></span> <span class='ocrx_word' id='word_1_32' title='bbox 1146 587 1204 637; x_wconf 85' lang='grc'><strong>466.</strong></span> <span class='ocrx_word' id='word_1_33' title='bbox 1216 601 1282 638; x_wconf 79' lang='lat' dir='ltr'><strong>:a</strong></span> <span class='ocrx_word' id='word_1_34' title='bbox 1298 587 1343 648; x_wconf 88' lang='lat' dir='ltr'><strong>Vl,</strong></span> 
     </span>
     <span class='ocr_line' id='line_1_4' title="bbox 217 670 1347 742; baseline 0.001 -17"><span class='ocrx_word' id='word_1_35' title='bbox 217 677 266 726; x_wconf 85' lang='grc'><strong>169</strong></span> <span class='ocrx_word' id='word_1_36' title='bbox 283 677 317 740; x_wconf 87' lang='lat' dir='ltr'><strong>(p.</strong></span> <span class='ocrx_word' id='word_1_37' title='bbox 327 679 476 742; x_wconf 79' lang='lat' dir='ltr'><strong>superum).</strong></span> <span class='ocrx_word' id='word_1_38' title='bbox 497 671 561 734; x_wconf 92' lang='lat' dir='ltr'><strong>Vll,</strong></span> <span class='ocrx_word' id='word_1_39' title='bbox 582 673 641 725; x_wconf 85' lang='lat'>558.</span> <span class='ocrx_word' id='word_1_40' title='bbox 666 671 670 741; x_wconf 89' lang='grc'><strong>)</strong></span> <span class='ocrx_word' id='word_1_41' title='bbox 693 673 881 728; x_wconf 87' lang='lat' dir='ltr'><strong>Saturnius</strong></span> <span class='ocrx_word' id='word_1_42' title='bbox 898 688 1029 742; x_wconf 89' lang='lat' dir='ltr'><strong>pareus</strong></span> <span class='ocrx_word' id='word_1_43' title='bbox 1046 672 1089 736; x_wconf 96' lang='grc' dir='ltr'><strong>ΙΙ,</strong></span> <span class='ocrx_word' id='word_1_44' title='bbox 1111 673 1175 724; x_wconf 85' lang='lat'>358:</span> <span class='ocrx_word' id='word_1_45' title='bbox 1203 670 1347 726; x_wconf 84' lang='lat' dir='ltr'><strong>Saturnius</strong></span> 
     </span>
     <span class='ocr_line' id='line_1_5' title="bbox 215 757 1346 830; baseline -0.004 -16"><span class='ocrx_word' id='word_1_46' title='bbox 215 766 295 830; x_wconf 87' lang='lat' dir='ltr'><strong>pater</strong></span> <span class='ocrx_word' id='word_1_47' title='bbox 313 777 338 814; x_wconf 86' lang='lat' dir='ltr'><strong>a.</strong></span> <span class='ocrx_word' id='word_1_48' title='bbox 353 761 404 824; x_wconf 90' lang='lat' dir='ltr'><strong>IV,</strong></span> <span class='ocrx_word' id='word_1_49' title='bbox 420 761 480 812; x_wconf 83' lang='lat'><strong>372.</strong></span> <span class='ocrx_word' id='word_1_50' title='bbox 500 757 686 824; x_wconf 79' lang='lat' dir='ltr'><strong>m.1‚163³⁵).</strong></span> <span class='ocrx_word' id='word_1_51' title='bbox 705 758 709 826; x_wconf 84' lang='grc' dir='ltr'>Ι</span> <span class='ocrx_word' id='word_1_52' title='bbox 725 759 822 812; x_wconf 86' lang='lat' dir='ltr'><strong>deum</strong></span> <span class='ocrx_word' id='word_1_53' title='bbox 841 757 1346 828; x_wconf 52' lang='grc'>3611166111,11636911366,</span> 
     </span>
     <span class='ocr_line' id='line_1_6' title="bbox 217 844 1349 914; baseline -0.003 -14"><span class='ocrx_word' id='word_1_54' title='bbox 217 846 261 910; x_wconf 86' lang='lat' dir='ltr'><strong>(cf.</strong></span> <span class='ocrx_word' id='word_1_55' title='bbox 276 847 339 902; x_wconf 84' lang='lat' dir='ltr'><strong>Cat.</strong></span> <span class='ocrx_word' id='word_1_56' title='bbox 355 846 455 908; x_wconf 88' lang='lat' dir='ltr'>LXIV,</span> <span class='ocrx_word' id='word_1_57' title='bbox 470 847 502 897; x_wconf 81' lang='lat'><strong>27</strong></span> <span class='ocrx_word' id='word_1_58' title='bbox 516 844 610 900; x_wconf 90' lang='lat' dir='ltr'><strong>divom</strong></span> <span class='ocrx_word' id='word_1_59' title='bbox 627 845 755 913; x_wconf 74' lang='lat' dir='ltr'><strong>genitor).</strong></span> <span class='ocrx_word' id='word_1_60' title='bbox 773 844 777 914; x_wconf 79' lang='lat' dir='ltr'><strong>l</strong></span> <span class='ocrx_word' id='word_1_61' title='bbox 798 861 922 900; x_wconf 86' lang='lat' dir='ltr'><strong>summa</strong></span> <span class='ocrx_word' id='word_1_62' title='bbox 941 846 1085 899; x_wconf 84' lang='lat' dir='ltr'><strong>deorum</strong></span> <span class='ocrx_word' id='word_1_63' title='bbox 1103 853 1349 914; x_wconf 87' lang='lat' dir='ltr'><strong>terrarumque</strong></span> 
     </span>
     <span class='ocr_line' id='line_1_7' title="bbox 215 930 1348 1000; baseline -0.003 -14"><span class='ocrx_word' id='word_1_64' title='bbox 215 938 312 987; x_wconf 87' lang='lat' dir='ltr'><strong>sator</strong></span> <span class='ocrx_word' id='word_1_65' title='bbox 331 932 353 996; x_wconf 89' lang='lat'><strong>1,</strong></span> <span class='ocrx_word' id='word_1_66' title='bbox 375 935 432 986; x_wconf 85' lang='grc'>119.</span> <span class='ocrx_word' id='word_1_67' title='bbox 463 932 544 986; x_wconf 88' lang='lat' dir='ltr'><strong>deum</strong></span> <span class='ocrx_word' id='word_1_68' title='bbox 563 937 639 987; x_wconf 88' lang='lat' dir='ltr'><strong>sator</strong></span> <span class='ocrx_word' id='word_1_69' title='bbox 657 933 692 996; x_wconf 89' lang='lat' dir='ltr'><strong>V,</strong></span> <span class='ocrx_word' id='word_1_70' title='bbox 714 933 756 983; x_wconf 84' lang='lat'><strong>22.</strong></span> <span class='ocrx_word' id='word_1_71' title='bbox 789 937 865 986; x_wconf 85' lang='lat' dir='ltr'><strong>sator</strong></span> <span class='ocrx_word' id='word_1_72' title='bbox 883 932 987 1000; x_wconf 84' lang='lat' dir='ltr'><strong>optime</strong></span> <span class='ocrx_word' id='word_1_73' title='bbox 999 932 1094 986; x_wconf 90' lang='lat' dir='ltr'><strong>divum</strong></span> <span class='ocrx_word' id='word_1_74' title='bbox 1107 930 1157 995; x_wconf 87' lang='lat' dir='ltr'><strong>XI,</strong></span> <span class='ocrx_word' id='word_1_75' title='bbox 1178 933 1246 984; x_wconf 76' lang='lat'>248:</span> <span class='ocrx_word' id='word_1_76' title='bbox 1268 932 1348 985; x_wconf 91' lang='lat' dir='ltr'><strong>homi-</strong></span> 
     </span>
     <span class='ocr_line' id='line_1_8' title="bbox 214 1017 1348 1089; baseline -0.002 -15"><span class='ocrx_word' id='word_1_77' title='bbox 214 1036 278 1074; x_wconf 91' lang='lat' dir='ltr'><strong>num</strong></span> <span class='ocrx_word' id='word_1_78' title='bbox 297 1024 373 1074; x_wconf 89' lang='lat' dir='ltr'><strong>sator</strong></span> <span class='ocrx_word' id='word_1_79' title='bbox 390 1024 475 1089; x_wconf 87' lang='lat' dir='ltr'><strong>atque</strong></span> <span class='ocrx_word' id='word_1_80' title='bbox 494 1020 609 1073; x_wconf 88' lang='lat' dir='ltr'><strong>deorum</strong></span> <span class='ocrx_word' id='word_1_81' title='bbox 627 1034 652 1072; x_wconf 87' lang='lat' dir='ltr'><strong>a.</strong></span> <span class='ocrx_word' id='word_1_82' title='bbox 668 1020 691 1083; x_wconf 88' lang='grc' dir='ltr'>Ι,</span> <span class='ocrx_word' id='word_1_83' title='bbox 711 1019 771 1070; x_wconf 81' lang='grc'><strong>254.</strong></span> <span class='ocrx_word' id='word_1_84' title='bbox 791 1018 841 1084; x_wconf 87' lang='grc' dir='ltr'><strong>ΧΙ,</strong></span> <span class='ocrx_word' id='word_1_85' title='bbox 870 1018 961 1083; x_wconf 53' lang='lat' dir='ltr'><strong>laad)</strong></span> <span class='ocrx_word' id='word_1_86' title='bbox 982 1019 986 1085; x_wconf 94' lang='grc' dir='ltr'>Ι</span> <span class='ocrx_word' id='word_1_87' title='bbox 1002 1019 1167 1087; x_wconf 88' lang='lat' dir='ltr'><strong>Iuppiter</strong></span> <span class='ocrx_word' id='word_1_88' title='bbox 1189 1019 1288 1072; x_wconf 88' lang='lat' dir='ltr'><strong>altus</strong></span> <span class='ocrx_word' id='word_1_89' title='bbox 1301 1017 1348 1080; x_wconf 88' lang='grc' dir='ltr'><strong>ΙΠ,</strong></span> 
     </span>
    </p>
   </div>
   <div class='ocr_carea' id='block_1_3' title="bbox 137 1103 677 1171">
    <p class='ocr_par' dir='ltr' id='par_1_3' title="bbox 137 1103 677 1171">
     <span class='ocr_line' id='line_1_9' title="bbox 137 1103 677 1171; baseline 0.002 -14"><span class='ocrx_word' id='word_1_90' title='bbox 137 1167 138 1171; x_wconf 13' lang='lat'>¹</span> <span class='ocrx_word' id='word_1_91' title='bbox 216 1108 274 1162; x_wconf 82' lang='lat'><strong>317.</strong></span> <span class='ocrx_word' id='word_1_92' title='bbox 290 1106 498 1170; x_wconf 81' lang='lat' dir='ltr'><strong>=art.11,3s.</strong></span> <span class='ocrx_word' id='word_1_93' title='bbox 518 1103 538 1160; x_wconf 85' lang='lat' dir='ltr'><strong>f.</strong></span> <span class='ocrx_word' id='word_1_94' title='bbox 554 1107 604 1169; x_wconf 89' lang='lat' dir='ltr'><strong>VI,</strong></span> <span class='ocrx_word' id='word_1_95' title='bbox 621 1107 677 1159; x_wconf 80' lang='lat'>188.</span> 
     </span>
    </p>
   </div>
   <div class='ocr_carea' id='block_1_4' title="bbox 300 1261 1351 1430">
    <p class='ocr_par' dir='ltr' id='par_1_4' title="bbox 300 1261 1351 1430">
     <span class='ocr_line' id='line_1_10' title="bbox 737 1261 829 1314; baseline 0.011 -1"><span class='ocrx_word' id='word_1_96' title='bbox 737 1261 829 1314; x_wconf 79' lang='lat' dir='ltr'><strong>lunoa</strong></span> 
     </span>
     <span class='ocr_line' id='line_1_11' title="bbox 300 1345 1351 1430; baseline 0.001 -19"><span class='ocrx_word' id='word_1_97' title='bbox 300 1348 457 1414; x_wconf 83' lang='lat' dir='ltr'><strong>infesta</strong></span> <span class='ocrx_word' id='word_1_98' title='bbox 488 1349 528 1412; x_wconf 92' lang='lat' dir='ltr'><strong>in</strong></span> <span class='ocrx_word' id='word_1_99' title='bbox 557 1349 712 1430; x_wconf 72' lang='lat' dir='ltr'><strong>Iovem,</strong></span> <span class='ocrx_word' id='word_1_100' title='bbox 752 1345 921 1412; x_wconf 88' lang='lat' dir='ltr'><strong>inimica</strong></span> <span class='ocrx_word' id='word_1_101' title='bbox 951 1345 1145 1412; x_wconf 83' lang='lat' dir='ltr'>Troianis</span> <span class='ocrx_word' id='word_1_102' title='bbox 1183 1352 1220 1411; x_wconf 86' lang='lat' dir='ltr'><strong>at</strong></span> <span class='ocrx_word' id='word_1_103' title='bbox 1251 1345 1351 1412; x_wconf 85' lang='lat' dir='ltr'><strong>The-</strong></span> 
     </span>
    </p>
   </div>
   <div class='ocr_carea' id='block_1_5' title="bbox 211 1452 1352 2483">
    <p class='ocr_par' dir='ltr' id='par_1_5' title="bbox 214 1452 355 1518">
     <span class='ocr_line' id='line_1_12' title="bbox 214 1452 355 1518; baseline -0.014 -1"><span class='ocrx_word' id='word_1_104' title='bbox 214 1452 355 1518; x_wconf 87' lang='lat' dir='ltr'><strong>banis:</strong></span> 
     </span>
    </p>

    <p class='ocr_par' dir='ltr' id='par_1_6' title="bbox 213 1553 1352 1969">
     <span class='ocr_line' id='line_1_13' title="bbox 248 1553 1351 1622; baseline -0.002 -14"><span class='ocrx_word' id='word_1_105' title='bbox 248 1555 320 1622; x_wconf 82' lang='lat' dir='ltr'>Quid</span> <span class='ocrx_word' id='word_1_106' title='bbox 333 1554 421 1611; x_wconf 84' lang='lat' dir='ltr'><strong>faciat</strong></span> <span class='ocrx_word' id='word_1_107' title='bbox 432 1556 542 1620; x_wconf 77' lang='lat' dir='ltr'><strong>(Innol‘l</strong></span> <span class='ocrx_word' id='word_1_108' title='bbox 559 1556 614 1611; x_wconf 87' lang='lat' dir='ltr'><strong>scit</strong></span> <span class='ocrx_word' id='word_1_109' title='bbox 626 1553 686 1611; x_wconf 80' lang='lat' dir='ltr'><strong>fata</strong></span> <span class='ocrx_word' id='word_1_110' title='bbox 698 1555 757 1610; x_wconf 88' lang='lat' dir='ltr'><strong>suis</strong></span> <span class='ocrx_word' id='word_1_111' title='bbox 842 1569 904 1608; x_wconf 89' lang='lat' dir='ltr'><strong>cnm</strong></span> <span class='ocrx_word' id='word_1_112' title='bbox 922 1554 992 1607; x_wconf 91' lang='lat' dir='ltr'><strong>Iuno</strong></span> <span class='ocrx_word' id='word_1_113' title='bbox 1010 1560 1153 1608; x_wconf 85' lang='lat' dir='ltr'><strong>aeternum</strong></span> <span class='ocrx_word' id='word_1_114' title='bbox 1172 1569 1289 1607; x_wconf 86' lang='lat' dir='ltr'><strong>servans</strong></span> <span class='ocrx_word' id='word_1_115' title='bbox 1304 1553 1351 1606; x_wconf 91' lang='lat' dir='ltr'><strong>snb</strong></span> 
     </span>
     <span class='ocr_line' id='line_1_14' title="bbox 213 1640 1351 1712; baseline -0.004 -15"><span class='ocrx_word' id='word_1_116' title='bbox 213 1644 352 1697; x_wconf 87' lang='lat' dir='ltr'><strong>contraria</strong></span> <span class='ocrx_word' id='word_1_117' title='bbox 375 1642 468 1697; x_wconf 78' lang='lat' dir='ltr'>Graiis</span> <span class='ocrx_word' id='word_1_118' title='bbox 496 1658 680 1712; x_wconf 88' lang='lat' dir='ltr'><strong>aversumque</strong></span> <span class='ocrx_word' id='word_1_119' title='bbox 713 1642 758 1696; x_wconf 77' lang='lat' dir='ltr'><strong>Ic</strong></span> <span class='ocrx_word' id='word_1_120' title='bbox 807 1644 920 1708; x_wconf 78' lang='lat' dir='ltr'><strong>pectore</strong></span> <span class='ocrx_word' id='word_1_121' title='bbox 937 1640 1039 1695; x_wconf 83' lang='lat' dir='ltr'><strong>vulnus</strong></span> <span class='ocrx_word' id='word_1_122' title='bbox 1057 1640 1126 1695; x_wconf 86' lang='lat' dir='ltr'><strong>haec</strong></span> <span class='ocrx_word' id='word_1_123' title='bbox 1144 1656 1252 1694; x_wconf 86' lang='lat' dir='ltr'><strong>secum:</strong></span> <span class='ocrx_word' id='word_1_124' title='bbox 1274 1655 1351 1693; x_wconf 86' lang='lat' dir='ltr'><strong>mana</strong></span> 
     </span>
     <span class='ocr_line' id='line_1_15' title="bbox 214 1725 1351 1798; baseline -0.004 -15"><span class='ocrx_word' id='word_1_125' title='bbox 214 1745 288 1790; x_wconf 87' lang='lat' dir='ltr'><strong>vam,</strong></span> <span class='ocrx_word' id='word_1_126' title='bbox 321 1730 371 1784; x_wconf 89' lang='lat' dir='ltr'><strong>sed</strong></span> <span class='ocrx_word' id='word_1_127' title='bbox 401 1745 453 1783; x_wconf 86' lang='lat' dir='ltr'><strong>neo</strong></span> <span class='ocrx_word' id='word_1_128' title='bbox 481 1728 598 1795; x_wconf 85' lang='lat' dir='ltr'><strong>periisse</strong></span> <span class='ocrx_word' id='word_1_129' title='bbox 626 1734 757 1798; x_wconf 79' lang='lat' dir='ltr'><strong>precatus</strong></span> <span class='ocrx_word' id='word_1_130' title='bbox 808 1725 919 1796; x_wconf 85' lang='lat' dir='ltr'><strong>incepto</strong></span> <span class='ocrx_word' id='word_1_131' title='bbox 933 1726 1070 1780; x_wconf 85' lang='lat' dir='ltr'><strong>desistere</strong></span> <span class='ocrx_word' id='word_1_132' title='bbox 1082 1727 1194 1791; x_wconf 86' lang='lat' dir='ltr'><strong>victam,</strong></span> <span class='ocrx_word' id='word_1_133' title='bbox 1208 1740 1261 1779; x_wconf 88' lang='lat' dir='ltr'><strong>nec</strong></span> <span class='ocrx_word' id='word_1_134' title='bbox 1270 1741 1351 1792; x_wconf 86' lang='lat' dir='ltr'><strong>posse</strong></span> 
     </span>
     <span class='ocr_line' id='line_1_16' title="bbox 214 1811 1352 1886; baseline -0.004 -17"><span class='ocrx_word' id='word_1_135' title='bbox 214 1820 347 1885; x_wconf 83' lang='lat' dir='ltr'><strong>tantaque</strong></span> <span class='ocrx_word' id='word_1_136' title='bbox 372 1816 446 1869; x_wconf 90' lang='lat' dir='ltr'><strong>dona</strong></span> <span class='ocrx_word' id='word_1_137' title='bbox 472 1815 555 1878; x_wconf 88' lang='lat' dir='ltr'><strong>velit;</strong></span> <span class='ocrx_word' id='word_1_138' title='bbox 584 1821 694 1886; x_wconf 88' lang='lat' dir='ltr'><strong>tompus</strong></span> <span class='ocrx_word' id='word_1_139' title='bbox 712 1823 756 1872; x_wconf 85' lang='lat' dir='ltr'><strong>ta-</strong></span> <span class='ocrx_word' id='word_1_140' title='bbox 808 1811 891 1866; x_wconf 85' lang='lat' dir='ltr'><strong>Italia</strong></span> <span class='ocrx_word' id='word_1_141' title='bbox 902 1811 1072 1867; x_wconf 87' lang='lat' dir='ltr'><strong>Teucrorum</strong></span> <span class='ocrx_word' id='word_1_142' title='bbox 1091 1816 1219 1866; x_wconf 86' lang='lat' dir='ltr'><strong>avertere</strong></span> <span class='ocrx_word' id='word_1_143' title='bbox 1238 1817 1352 1880; x_wconf 73' lang='lat' dir='ltr'><strong>regem?</strong></span> 
     </span>
     <span class='ocr_line' id='line_1_17' title="bbox 213 1897 893 1969; baseline -0.006 -15"><span class='ocrx_word' id='word_1_144' title='bbox 213 1918 276 1956; x_wconf 89' lang='lat' dir='ltr'><strong>men</strong></span> <span class='ocrx_word' id='word_1_145' title='bbox 294 1901 378 1956; x_wconf 86' lang='lat' dir='ltr'><strong>obvia</strong></span> <span class='ocrx_word' id='word_1_146' title='bbox 396 1901 488 1969; x_wconf 83' lang='lat' dir='ltr'><strong>magni</strong></span> <span class='ocrx_word' id='word_1_147' title='bbox 506 1901 563 1955; x_wconf 86' lang='lat' dir='ltr'><strong>fors</strong></span> <span class='ocrx_word' id='word_1_148' title='bbox 582 1902 660 1956; x_wconf 84' lang='lat' dir='ltr'>dedit</span> <span class='ocrx_word' id='word_1_149' title='bbox 680 1903 758 1956; x_wconf 82' lang='lat' dir='ltr'><strong>auxi·</strong></span> <span class='ocrx_word' id='word_1_150' title='bbox 808 1897 831 1962; x_wconf 88' lang='grc' dir='ltr'>Ι,</span> <span class='ocrx_word' id='word_1_151' title='bbox 851 1900 893 1950; x_wconf 94' lang='grc'><strong>36.</strong></span> 
     </span>
    </p>

    <p class='ocr_par' dir='ltr' id='par_1_7' title="bbox 212 1980 1352 2048">
     <span class='ocr_line' id='line_1_18' title="bbox 212 1980 1352 2048; baseline -0.004 -7"><span class='ocrx_word' id='word_1_152' title='bbox 212 1988 258 2048; x_wconf 82' lang='grc'>111;</span> <span class='ocrx_word' id='word_1_153' title='bbox 288 1987 366 2041; x_wconf 88' lang='lat' dir='ltr'><strong>videt</strong></span> <span class='ocrx_word' id='word_1_154' title='bbox 391 1988 448 2041; x_wconf 87' lang='lat' dir='ltr'><strong>alto</strong></span> <span class='ocrx_word' id='word_1_155' title='bbox 475 2003 510 2041; x_wconf 85' lang='lat' dir='ltr'><strong>ex</strong></span> <span class='ocrx_word' id='word_1_156' title='bbox 527 1987 640 2042; x_wconf 82' lang='lat' dir='ltr'><strong>aethere</strong></span> <span class='ocrx_word' id='word_1_157' title='bbox 659 1991 755 2044; x_wconf 87' lang='lat' dir='ltr'><strong>clausa</strong></span> <span class='ocrx_word' id='word_1_158' title='bbox 843 2000 908 2039; x_wconf 88' lang='lat' dir='ltr'><strong>ecce</strong></span> <span class='ocrx_word' id='word_1_159' title='bbox 926 1989 1020 2038; x_wconf 87' lang='lat' dir='ltr'><strong>autem</strong></span> <span class='ocrx_word' id='word_1_160' title='bbox 1032 1982 1155 2037; x_wconf 86' lang='lat' dir='ltr'><strong>Inachiis</strong></span> <span class='ocrx_word' id='word_1_161' title='bbox 1173 1998 1236 2038; x_wconf 87' lang='lat' dir='ltr'><strong>seso</strong></span> <span class='ocrx_word' id='word_1_162' title='bbox 1254 1980 1352 2037; x_wconf 86' lang='lat' dir='ltr'><strong>referc-</strong></span> 
     </span>
    </p>

    <p class='ocr_par' dir='ltr' id='par_1_8' title="bbox 213 2067 1350 2137">
     <span class='ocr_line' id='line_1_19' title="bbox 213 2067 1350 2137; baseline -0.006 -10"><span class='ocrx_word' id='word_1_163' title='bbox 213 2074 321 2127; x_wconf 85' lang='lat' dir='ltr'><strong>mocnia</strong></span> <span class='ocrx_word' id='word_1_164' title='bbox 339 2080 368 2128; x_wconf 87' lang='lat' dir='ltr'><strong>et</strong></span> <span class='ocrx_word' id='word_1_165' title='bbox 385 2075 504 2128; x_wconf 89' lang='lat' dir='ltr'><strong>insomni</strong></span> <span class='ocrx_word' id='word_1_166' title='bbox 516 2075 620 2131; x_wconf 88' lang='lat' dir='ltr'><strong>vallum</strong></span> <span class='ocrx_word' id='word_1_167' title='bbox 634 2077 754 2130; x_wconf 88' lang='lat' dir='ltr'><strong>statione</strong></span> <span class='ocrx_word' id='word_1_168' title='bbox 806 2070 857 2124; x_wconf 87' lang='lat' dir='ltr'><strong>bat</strong></span> <span class='ocrx_word' id='word_1_169' title='bbox 874 2069 910 2123; x_wconf 88' lang='lat' dir='ltr'><strong>ab</strong></span> <span class='ocrx_word' id='word_1_170' title='bbox 928 2068 1014 2137; x_wconf 81' lang='lat' dir='ltr'><strong>Argis</strong></span> <span class='ocrx_word' id='word_1_171' title='bbox 1033 2084 1118 2123; x_wconf 87' lang='lat' dir='ltr'><strong>saeva</strong></span> <span class='ocrx_word' id='word_1_172' title='bbox 1136 2067 1213 2123; x_wconf 90' lang='lat' dir='ltr'><strong>lovis</strong></span> <span class='ocrx_word' id='word_1_173' title='bbox 1231 2070 1350 2124; x_wconf 83' lang='lat' dir='ltr'><strong>coniunx</strong></span> 
     </span>
    </p>

    <p class='ocr_par' dir='ltr' id='par_1_9' title="bbox 211 2154 1350 2483">
     <span class='ocr_line' id='line_1_20' title="bbox 211 2154 1350 2224; baseline -0.004 -10"><span class='ocrx_word' id='word_1_174' title='bbox 211 2159 300 2214; x_wconf 86' lang='lat' dir='ltr'><strong>tenori</strong></span> <span class='ocrx_word' id='word_1_175' title='bbox 319 2159 355 2224; x_wconf 86' lang='grc' dir='ltr'><strong>Χ,</strong></span> <span class='ocrx_word' id='word_1_176' title='bbox 375 2162 417 2210; x_wconf 86' lang='grc'><strong>19.</strong></span> <span class='ocrx_word' id='word_1_177' title='bbox 452 2209 455 2212; x_wconf 88' lang='grc'>,</span> <span class='ocrx_word' id='word_1_178' title='bbox 806 2171 943 2224; x_wconf 86' lang='lat' dir='ltr'><strong>aurasque</strong></span> <span class='ocrx_word' id='word_1_179' title='bbox 970 2156 1083 2210; x_wconf 87' lang='lat' dir='ltr'><strong>invecta</strong></span> <span class='ocrx_word' id='word_1_180' title='bbox 1107 2154 1221 2209; x_wconf 85' lang='lat' dir='ltr'><strong>tenebat</strong></span> <span class='ocrx_word' id='word_1_181' title='bbox 1246 2155 1350 2210; x_wconf 83' lang='grc'>61166-</span> 
     </span>
     <span class='ocr_line' id='line_1_21' title="bbox 806 2239 1349 2311; baseline 0.006 -18"><span class='ocrx_word' id='word_1_182' title='bbox 806 2246 864 2296; x_wconf 87' lang='lat' dir='ltr'><strong>tum</strong></span> <span class='ocrx_word' id='word_1_183' title='bbox 870 2239 997 2296; x_wconf 82' lang='lat' dir='ltr'><strong>Aeneam</strong></span> <span class='ocrx_word' id='word_1_184' title='bbox 1006 2240 1179 2311; x_wconf 86' lang='lat' dir='ltr'><strong>classemque</strong></span> <span class='ocrx_word' id='word_1_185' title='bbox 1189 2256 1224 2295; x_wconf 85' lang='lat' dir='ltr'><strong>ex</strong></span> <span class='ocrx_word' id='word_1_186' title='bbox 1237 2241 1349 2296; x_wconf 85' lang='lat' dir='ltr'><strong>aethere</strong></span> 
     </span>
     <span class='ocr_line' id='line_1_22' title="bbox 805 2325 1350 2396; baseline 0.004 -18"><span class='ocrx_word' id='word_1_187' title='bbox 805 2325 887 2395; x_wconf 82' lang='lat' dir='ltr'><strong>longa</strong></span> <span class='ocrx_word' id='word_1_188' title='bbox 905 2326 1074 2382; x_wconf 79' lang='lat' dir='ltr'><strong>Dardaniam</strong></span> <span class='ocrx_word' id='word_1_189' title='bbox 1094 2325 1189 2382; x_wconf 89' lang='lat' dir='ltr'><strong>Siculo</strong></span> <span class='ocrx_word' id='word_1_190' title='bbox 1207 2327 1350 2396; x_wconf 84' lang='lat' dir='ltr'><strong>prospexit</strong></span> 
     </span>
     <span class='ocr_line' id='line_1_23' title="bbox 805 2411 1257 2483; baseline -0.002 -17"><span class='ocrx_word' id='word_1_191' title='bbox 805 2412 840 2467; x_wconf 87' lang='lat' dir='ltr'><strong>ab</strong></span> <span class='ocrx_word' id='word_1_192' title='bbox 859 2428 947 2483; x_wconf 87' lang='lat' dir='ltr'><strong>usqua</strong></span> <span class='ocrx_word' id='word_1_193' title='bbox 966 2412 1098 2482; x_wconf 78' lang='lat' dir='ltr'><strong>Pachyno</strong></span> <span class='ocrx_word' id='word_1_194' title='bbox 1117 2411 1180 2478; x_wconf 87' lang='lat' dir='ltr'><strong>VII,</strong></span> <span class='ocrx_word' id='word_1_195' title='bbox 1197 2414 1257 2465; x_wconf 82' lang='lat'>286.</span> 
     </span>
    </p>
   </div>
   <div class='ocr_carea' id='block_1_6' title="bbox 300 2487 1044 2584">
    <p class='ocr_par' dir='ltr' id='par_1_10' title="bbox 300 2487 1044 2584">
     <span class='ocr_line' id='line_1_24' title="bbox 300 2487 1044 2584; baseline 0.016 -33"><span class='ocrx_word' id='word_1_196' title='bbox 300 2487 430 2553; x_wconf 87' lang='lat' dir='ltr'><strong>mittit</strong></span> <span class='ocrx_word' id='word_1_197' title='bbox 451 2490 551 2571; x_wconf 90' lang='lat' dir='ltr'><strong>Irin,</strong></span> <span class='ocrx_word' id='word_1_198' title='bbox 577 2513 676 2574; x_wconf 86' lang='lat' dir='ltr'><strong>quaa</strong></span> <span class='ocrx_word' id='word_1_199' title='bbox 698 2494 813 2562; x_wconf 87' lang='lat' dir='ltr'><strong>iussa</strong></span> <span class='ocrx_word' id='word_1_200' title='bbox 835 2499 1044 2584; x_wconf 87' lang='lat' dir='ltr'><strong>perficiat:</strong></span> 
     </span>
    </p>
   </div>
   <div class='ocr_carea' id='block_1_7' title="bbox 211 2592 1352 3012">
    <p class='ocr_par' dir='ltr' id='par_1_11' title="bbox 211 2592 1352 3012">
     <span class='ocr_line' id='line_1_25' title="bbox 247 2592 1351 2671; baseline 0.012 -29"><span class='ocrx_word' id='word_1_201' title='bbox 247 2605 379 2659; x_wconf 89' lang='lat' dir='ltr'><strong>suamque</strong></span> <span class='ocrx_word' id='word_1_202' title='bbox 398 2592 513 2647; x_wconf 80' lang='lat' dir='ltr'>orbibus</span> <span class='ocrx_word' id='word_1_203' title='bbox 531 2595 638 2664; x_wconf 84' lang='lat' dir='ltr'><strong>accingi</strong></span> <span class='ocrx_word' id='word_1_204' title='bbox 662 2598 755 2654; x_wconf 86' lang='lat' dir='ltr'><strong>solitis</strong></span> <span class='ocrx_word' id='word_1_205' title='bbox 841 2607 900 2656; x_wconf 91' lang='lat' dir='ltr'><strong>tum</strong></span> <span class='ocrx_word' id='word_1_206' title='bbox 930 2602 1000 2657; x_wconf 92' lang='lat' dir='ltr'><strong>Iuno</strong></span> <span class='ocrx_word' id='word_1_207' title='bbox 1030 2602 1205 2671; x_wconf 87' lang='lat' dir='ltr'><strong>omnipotens</strong></span> <span class='ocrx_word' id='word_1_208' title='bbox 1241 2604 1351 2671; x_wconf 82' lang='lat' dir='ltr'><strong>longum</strong></span> 
     </span>
     <span class='ocr_line' id='line_1_26' title="bbox 213 2674 1351 2758; baseline 0.012 -31"><span class='ocrx_word' id='word_1_209' title='bbox 213 2674 365 2738; x_wconf 89' lang='lat' dir='ltr'><strong>iubetlrin,</strong></span> <span class='ocrx_word' id='word_1_210' title='bbox 392 2683 421 2732; x_wconf 88' lang='lat' dir='ltr'><strong>at</strong></span> <span class='ocrx_word' id='word_1_211' title='bbox 437 2695 517 2733; x_wconf 87' lang='lat' dir='ltr'><strong>omne</strong></span> <span class='ocrx_word' id='word_1_212' title='bbox 535 2682 649 2735; x_wconf 84' lang='lat' dir='ltr'><strong>mandat</strong></span> <span class='ocrx_word' id='word_1_213' title='bbox 666 2698 751 2751; x_wconf 91' lang='lat' dir='ltr'><strong>opus:</strong></span> <span class='ocrx_word' id='word_1_214' title='bbox 807 2688 938 2742; x_wconf 87' lang='lat' dir='ltr'><strong>miserata</strong></span> <span class='ocrx_word' id='word_1_215' title='bbox 952 2688 1077 2742; x_wconf 90' lang='lat' dir='ltr'><strong>dolorem</strong></span> <span class='ocrx_word' id='word_1_216' title='bbox 1096 2687 1276 2758; x_wconf 83' lang='lat' dir='ltr'><strong>difficilisque</strong></span> <span class='ocrx_word' id='word_1_217' title='bbox 1294 2689 1351 2744; x_wconf 89' lang='lat' dir='ltr'><strong>obi-</strong></span> 
     </span>
     <span class='ocr_line' id='line_1_27' title="bbox 211 2762 1352 2845; baseline 0.013 -32"><span class='ocrx_word' id='word_1_218' title='bbox 211 2766 294 2829; x_wconf 86' lang='lat' dir='ltr'><strong>paret</strong></span> <span class='ocrx_word' id='word_1_219' title='bbox 310 2762 393 2818; x_wconf 86' lang='lat' dir='ltr'><strong>iussis</strong></span> <span class='ocrx_word' id='word_1_220' title='bbox 412 2764 466 2818; x_wconf 88' lang='lat' dir='ltr'><strong>dea</strong></span> <span class='ocrx_word' id='word_1_221' title='bbox 483 2767 573 2831; x_wconf 85' lang='lat' dir='ltr'><strong>clara,</strong></span> <span class='ocrx_word' id='word_1_222' title='bbox 604 2768 755 2839; x_wconf 86' lang='lat' dir='ltr'><strong>polumque</strong></span> <span class='ocrx_word' id='word_1_223' title='bbox 807 2777 853 2826; x_wconf 88' lang='lat' dir='ltr'><strong>tus</strong></span> <span class='ocrx_word' id='word_1_224' title='bbox 864 2772 930 2826; x_wconf 89' lang='lat' dir='ltr'><strong>Irim</strong></span> <span class='ocrx_word' id='word_1_225' title='bbox 942 2773 1055 2828; x_wconf 83' lang='lat' dir='ltr'><strong>demisit</strong></span> <span class='ocrx_word' id='word_1_226' title='bbox 1067 2773 1195 2845; x_wconf 86' lang='lat' dir='ltr'><strong>Olympo,</strong></span> <span class='ocrx_word' id='word_1_227' title='bbox 1214 2815 1219 2826; x_wconf 93' lang='lat'>.</span> <span class='ocrx_word' id='word_1_228' title='bbox 1237 2813 1266 2827; x_wconf 91' lang='lat'><strong>..</strong></span> <span class='ocrx_word' id='word_1_229' title='bbox 1287 2791 1352 2842; x_wconf 85' lang='lat' dir='ltr'><strong>orgo</strong></span> 
     </span>
     <span class='ocr_line' id='line_1_28' title="bbox 212 2847 1352 2928; baseline 0.013 -30"><span class='ocrx_word' id='word_1_230' title='bbox 212 2847 313 2916; x_wconf 89' lang='lat' dir='ltr'><strong>linquit</strong></span> <span class='ocrx_word' id='word_1_231' title='bbox 331 2854 359 2902; x_wconf 88' lang='grc'>61</span> <span class='ocrx_word' id='word_1_232' title='bbox 377 2849 406 2903; x_wconf 90' lang='lat' dir='ltr'><strong>in</strong></span> <span class='ocrx_word' id='word_1_233' title='bbox 423 2856 513 2905; x_wconf 84' lang='lat' dir='ltr'><strong>terras</strong></span> <span class='ocrx_word' id='word_1_234' title='bbox 535 2852 618 2921; x_wconf 85' lang='lat' dir='ltr'><strong>longo</strong></span> <span class='ocrx_word' id='word_1_235' title='bbox 637 2871 753 2924; x_wconf 89' lang='lat' dir='ltr'><strong>suspen·</strong></span> <span class='ocrx_word' id='word_1_236' title='bbox 807 2858 860 2911; x_wconf 89' lang='lat' dir='ltr'><strong>Iris</strong></span> <span class='ocrx_word' id='word_1_237' title='bbox 890 2859 996 2913; x_wconf 88' lang='lat' dir='ltr'><strong>croceis</strong></span> <span class='ocrx_word' id='word_1_238' title='bbox 1026 2875 1075 2928; x_wconf 89' lang='lat' dir='ltr'><strong>per</strong></span> <span class='ocrx_word' id='word_1_239' title='bbox 1104 2860 1211 2914; x_wconf 84' lang='lat' dir='ltr'><strong>caelum</strong></span> <span class='ocrx_word' id='word_1_240' title='bbox 1242 2861 1352 2927; x_wconf 86' lang='lat' dir='ltr'><strong>roscida</strong></span> 
     </span>
     <span class='ocr_line' id='line_1_29' title="bbox 211 2932 1351 3012; baseline 0.015 -27"><span class='ocrx_word' id='word_1_241' title='bbox 211 2932 288 2986; x_wconf 83' lang='lat' dir='ltr'><strong>ditur</strong></span> <span class='ocrx_word' id='word_1_242' title='bbox 305 2950 370 2990; x_wconf 84' lang='lat' dir='ltr'><strong>arcu</strong></span> <span class='ocrx_word' id='word_1_243' title='bbox 389 2936 425 3000; x_wconf 89' lang='lat' dir='ltr'><strong>X,</strong></span> <span class='ocrx_word' id='word_1_244' title='bbox 445 2939 486 2989; x_wconf 86' lang='grc'><strong>86.</strong></span> <span class='ocrx_word' id='word_1_245' title='bbox 804 2943 913 3012; x_wconf 86' lang='lat' dir='ltr'><strong>pinnis,</strong></span> <span class='ocrx_word' id='word_1_246' title='bbox 945 2945 1020 2999; x_wconf 89' lang='lat' dir='ltr'><strong>mille</strong></span> <span class='ocrx_word' id='word_1_247' title='bbox 1047 2945 1160 3000; x_wconf 87' lang='lat' dir='ltr'><strong>trahens</strong></span> <span class='ocrx_word' id='word_1_248' title='bbox 1186 2947 1281 3002; x_wconf 88' lang='lat' dir='ltr'><strong>varios</strong></span> <span class='ocrx_word' id='word_1_249' title='bbox 1299 2948 1351 3002; x_wconf 89' lang='lat' dir='ltr'><strong>ad-</strong></span> 
     </span>
    </p>
   </div>
   <div class='ocr_carea' id='block_1_8' title="bbox 804 3030 1348 3167">
    <p class='ocr_par' dir='ltr' id='par_1_12' title="bbox 804 3030 1348 3167">
     <span class='ocr_line' id='line_1_30' title="bbox 805 3030 1348 3095; baseline 0.009 -13"><span class='ocrx_word' id='word_1_250' title='bbox 805 3044 888 3083; x_wconf 85' lang='lat' dir='ltr'><strong>verso</strong></span> <span class='ocrx_word' id='word_1_251' title='bbox 905 3030 964 3084; x_wconf 88' lang='lat' dir='ltr'><strong>sole</strong></span> <span class='ocrx_word' id='word_1_252' title='bbox 983 3030 1099 3094; x_wconf 84' lang='lat' dir='ltr'><strong>colores,</strong></span> <span class='ocrx_word' id='word_1_253' title='bbox 1122 3033 1236 3087; x_wconf 84' lang='lat' dir='ltr'><strong>devolat</strong></span> <span class='ocrx_word' id='word_1_254' title='bbox 1254 3048 1280 3086; x_wconf 86' lang='lat' dir='ltr'><strong>a.</strong></span> <span class='ocrx_word' id='word_1_255' title='bbox 1298 3034 1348 3095; x_wconf 90' lang='lat' dir='ltr'><strong>IV,</strong></span> 
     </span>
     <span class='ocr_line' id='line_1_31' title="bbox 804 3116 864 3167; baseline 0 0"><span class='ocrx_word' id='word_1_256' title='bbox 804 3116 864 3167; x_wconf 88' lang='grc'><strong>693.</strong></span> 
     </span>
    </p>
   </div>
   <div class='ocr_carea' id='block_1_9' title="bbox 801 3201 1350 3698">
    <p class='ocr_par' dir='ltr' id='par_1_13' title="bbox 801 3201 1350 3698">
     <span class='ocr_line' id='line_1_32' title="bbox 839 3201 1350 3258; baseline 0 -2"><span class='ocrx_word' id='word_1_257' title='bbox 839 3201 904 3256; x_wconf 90' lang='lat' dir='ltr'><strong>Irim</strong></span> <span class='ocrx_word' id='word_1_258' title='bbox 935 3202 970 3256; x_wconf 87' lang='lat' dir='ltr'><strong>de</strong></span> <span class='ocrx_word' id='word_1_259' title='bbox 1000 3203 1079 3257; x_wconf 86' lang='lat' dir='ltr'><strong>caelo</strong></span> <span class='ocrx_word' id='word_1_260' title='bbox 1113 3203 1190 3256; x_wconf 81' lang='lat' dir='ltr'><strong>misit</strong></span> <span class='ocrx_word' id='word_1_261' title='bbox 1219 3203 1350 3258; x_wconf 87' lang='lat' dir='ltr'><strong>Saturnia</strong></span> 
     </span>
     <span class='ocr_line' id='line_1_33' title="bbox 803 3287 1350 3356; baseline 0.007 -15"><span class='ocrx_word' id='word_1_262' title='bbox 803 3288 873 3341; x_wconf 91' lang='lat' dir='ltr'><strong>Iuno</strong></span> <span class='ocrx_word' id='word_1_263' title='bbox 891 3287 1005 3342; x_wconf 87' lang='lat' dir='ltr'><strong>Iliacam</strong></span> <span class='ocrx_word' id='word_1_264' title='bbox 1023 3289 1060 3342; x_wconf 88' lang='lat' dir='ltr'><strong>ad</strong></span> <span class='ocrx_word' id='word_1_265' title='bbox 1078 3289 1206 3356; x_wconf 85' lang='lat' dir='ltr'><strong>classem,</strong></span> <span class='ocrx_word' id='word_1_266' title='bbox 1236 3297 1350 3345; x_wconf 87' lang='lat' dir='ltr'><strong>ventos·</strong></span> 
     </span>
     <span class='ocr_line' id='line_1_34' title="bbox 803 3373 1349 3443; baseline 0.005 -16"><span class='ocrx_word' id='word_1_267' title='bbox 803 3389 857 3443; x_wconf 88' lang='lat' dir='ltr'><strong>qne</strong></span> <span class='ocrx_word' id='word_1_268' title='bbox 876 3373 1000 3442; x_wconf 85' lang='lat' dir='ltr'><strong>adspirat</strong></span> <span class='ocrx_word' id='word_1_269' title='bbox 1018 3374 1105 3438; x_wconf 91' lang='lat' dir='ltr'><strong>eunti,</strong></span> <span class='ocrx_word' id='word_1_270' title='bbox 1126 3376 1216 3431; x_wconf 87' lang='lat' dir='ltr'><strong>multa</strong></span> <span class='ocrx_word' id='word_1_271' title='bbox 1234 3392 1349 3431; x_wconf 88' lang='lat' dir='ltr'><strong>movens</strong></span> 
     </span>
     <span class='ocr_line' id='line_1_35' title="bbox 802 3460 1345 3517; baseline 0.002 -4"><span class='ocrx_word' id='word_1_272' title='bbox 802 3460 919 3514; x_wconf 87' lang='lat' dir='ltr'><strong>necdum</strong></span> <span class='ocrx_word' id='word_1_273' title='bbox 938 3461 1058 3514; x_wconf 88' lang='lat' dir='ltr'><strong>anticum</strong></span> <span class='ocrx_word' id='word_1_274' title='bbox 1074 3467 1199 3516; x_wconf 84' lang='lat' dir='ltr'><strong>saturata</strong></span> <span class='ocrx_word' id='word_1_275' title='bbox 1213 3463 1345 3517; x_wconf 88' lang='lat' dir='ltr'><strong>dolorom.</strong></span> 
     </span>
     <span class='ocr_line' id='line_1_36' title="bbox 801 3536 1346 3615; baseline 0.007 -17"><span class='ocrx_word' id='word_1_276' title='bbox 801 3546 851 3599; x_wconf 91' lang='lat' dir='ltr'><strong>illa</strong></span> <span class='ocrx_word' id='word_1_277' title='bbox 868 3536 943 3599; x_wconf 79' lang='lat' dir='ltr'><strong>viam</strong></span> <span class='ocrx_word' id='word_1_278' title='bbox 961 3546 1085 3601; x_wconf 88' lang='lat' dir='ltr'><strong>celerans</strong></span> <span class='ocrx_word' id='word_1_279' title='bbox 1103 3563 1153 3615; x_wconf 84' lang='lat' dir='ltr'><strong>per</strong></span> <span class='ocrx_word' id='word_1_280' title='bbox 1170 3547 1246 3602; x_wconf 84' lang='lat' dir='ltr'><strong>milla</strong></span> <span class='ocrx_word' id='word_1_281' title='bbox 1270 3549 1346 3603; x_wconf 89' lang='lat' dir='ltr'><strong>colo-</strong></span> 
     </span>
     <span class='ocr_line' id='line_1_37' title="bbox 801 3631 1126 3698; baseline 0.012 -14"><span class='ocrx_word' id='word_1_282' title='bbox 801 3631 879 3686; x_wconf 86' lang='lat' dir='ltr'><strong>ribus</strong></span> <span class='ocrx_word' id='word_1_283' title='bbox 897 3649 991 3687; x_wconf 87' lang='lat' dir='ltr'><strong>arcum</strong></span> <span class='ocrx_word' id='word_1_284' title='bbox 1009 3633 1044 3698; x_wconf 91' lang='lat' dir='ltr'><strong>V,</strong></span> <span class='ocrx_word' id='word_1_285' title='bbox 1066 3635 1126 3688; x_wconf 87' lang='grc'><strong>666.</strong></span> 
     </span>
    </p>
   </div>
   <div class='ocr_carea' id='block_1_10' title="bbox 297 3733 656 3799">
    <p class='ocr_par' dir='ltr' id='par_1_14' title="bbox 297 3733 656 3799">
     <span class='ocr_line' id='line_1_38' title="bbox 297 3733 656 3799; baseline 0 -2"><span class='ocrx_word' id='word_1_286' title='bbox 297 3733 451 3797; x_wconf 87' lang='lat' dir='ltr'><strong>nomina</strong></span> <span class='ocrx_word' id='word_1_287' title='bbox 473 3735 656 3799; x_wconf 89' lang='lat' dir='ltr'><strong>Iunonis:</strong></span> 
     </span>
    </p>
   </div>
   <div class='ocr_carea' id='block_1_11' title="bbox 214 3836 1349 3996">
    <p class='ocr_par' dir='ltr' id='par_1_15' title="bbox 214 3836 1349 3996">
     <span class='ocr_line' id='line_1_39' title="bbox 280 3836 1349 3909; baseline 0.004 -20"><span class='ocrx_word' id='word_1_288' title='bbox 280 3837 368 3890; x_wconf 90' lang='lat' dir='ltr'><strong>Iuno</strong></span> <span class='ocrx_word' id='word_1_289' title='bbox 393 3836 552 3907; x_wconf 68' lang='lat' dir='ltr'><strong>iniquaffl)</strong></span> <span class='ocrx_word' id='word_1_290' title='bbox 578 3837 634 3901; x_wconf 92' lang='lat' dir='ltr'><strong>III,</strong></span> <span class='ocrx_word' id='word_1_291' title='bbox 665 3840 808 3892; x_wconf 81' lang='lat' dir='ltr'><strong>184=a</strong></span> <span class='ocrx_word' id='word_1_292' title='bbox 828 3838 912 3900; x_wconf 90' lang='lat' dir='ltr'><strong>VIII,</strong></span> <span class='ocrx_word' id='word_1_293' title='bbox 938 3839 997 3894; x_wconf 81' lang='lat'><strong>292.</strong></span> <span class='ocrx_word' id='word_1_294' title='bbox 1033 3839 1037 3909; x_wconf 87' lang='grc' dir='ltr'>Ι</span> <span class='ocrx_word' id='word_1_295' title='bbox 1069 3839 1158 3894; x_wconf 90' lang='lat' dir='ltr'><strong>Iuno</strong></span> <span class='ocrx_word' id='word_1_296' title='bbox 1192 3856 1303 3896; x_wconf 84' lang='lat' dir='ltr'><strong>saeva</strong></span> <span class='ocrx_word' id='word_1_297' title='bbox 1326 3840 1349 3903; x_wconf 94' lang='grc' dir='ltr'><strong>Ι,</strong></span> 
     </span>
     <span class='ocr_line' id='line_1_40' title="bbox 214 3922 1348 3996; baseline 0.005 -23"><span class='ocrx_word' id='word_1_298' title='bbox 214 3925 260 3975; x_wconf 83' lang='grc'>12;</span> <span class='ocrx_word' id='word_1_299' title='bbox 288 3922 451 3980; x_wconf 87' lang='lat' dir='ltr'><strong>saevissima</strong></span> <span class='ocrx_word' id='word_1_300' title='bbox 469 3923 539 3977; x_wconf 91' lang='lat' dir='ltr'><strong>Iuno</strong></span> <span class='ocrx_word' id='word_1_301' title='bbox 563 3924 642 3986; x_wconf 81' lang='lat' dir='ltr'><strong>all,</strong></span> <span class='ocrx_word' id='word_1_302' title='bbox 669 3926 728 3976; x_wconf 81' lang='grc'>612.</span> <span class='ocrx_word' id='word_1_303' title='bbox 751 3923 796 3989; x_wconf 83' lang='lat' dir='ltr'><strong>(ci.</strong></span> <span class='ocrx_word' id='word_1_304' title='bbox 818 3925 911 3979; x_wconf 91' lang='lat' dir='ltr'><strong>adnot.</strong></span> <span class='ocrx_word' id='word_1_305' title='bbox 933 3926 987 3989; x_wconf 87' lang='grc'><strong>31.)</strong></span> <span class='ocrx_word' id='word_1_306' title='bbox 1013 3924 1017 3995; x_wconf 85' lang='grc' dir='ltr'>Ι</span> <span class='ocrx_word' id='word_1_307' title='bbox 1045 3927 1135 3981; x_wconf 91' lang='lat' dir='ltr'><strong>Iuno</strong></span> <span class='ocrx_word' id='word_1_308' title='bbox 1154 3942 1281 3996; x_wconf 87' lang='lat' dir='ltr'><strong>aspera</strong></span> <span class='ocrx_word' id='word_1_309' title='bbox 1298 3926 1348 3990; x_wconf 89' lang='lat' dir='ltr'><strong>Xl,</strong></span> 
     </span>
    </p>
   </div>
   <div class='ocr_carea' id='block_1_12' title="bbox 209 4059 1348 4344">
    <p class='ocr_par' dir='ltr' id='par_1_16' title="bbox 210 4059 1347 4198">
     <span class='ocr_line' id='line_1_41' title="bbox 279 4059 1347 4132; baseline 0.006 -19"><span class='ocrx_word' id='word_1_310' title='bbox 279 4061 323 4124; x_wconf 76' lang='grc'><strong>35),</strong></span> <span class='ocrx_word' id='word_1_311' title='bbox 337 4059 367 4122; x_wconf 77' lang='lat'><strong>³⁶)</strong></span> <span class='ocrx_word' id='word_1_312' title='bbox 388 4059 497 4114; x_wconf 88' lang='lat' dir='ltr'><strong>Similia</strong></span> <span class='ocrx_word' id='word_1_313' title='bbox 514 4061 570 4115; x_wconf 87' lang='lat' dir='ltr'><strong>iam</strong></span> <span class='ocrx_word' id='word_1_314' title='bbox 587 4068 672 4118; x_wconf 86' lang='lat' dir='ltr'><strong>antea</strong></span> <span class='ocrx_word' id='word_1_315' title='bbox 689 4063 820 4130; x_wconf 82' lang='lat' dir='ltr'><strong>leguntur</strong></span> <span class='ocrx_word' id='word_1_316' title='bbox 838 4063 975 4116; x_wconf 88' lang='lat' dir='ltr'><strong>interdurn</strong></span> <span class='ocrx_word' id='word_1_317' title='bbox 994 4063 1068 4132; x_wconf 86' lang='lat' dir='ltr'><strong>apud</strong></span> <span class='ocrx_word' id='word_1_318' title='bbox 1087 4062 1228 4117; x_wconf 82' lang='lat' dir='ltr'><strong>Catullum</strong></span> <span class='ocrx_word' id='word_1_319' title='bbox 1247 4069 1276 4119; x_wconf 89' lang='lat' dir='ltr'><strong>et</strong></span> <span class='ocrx_word' id='word_1_320' title='bbox 1294 4065 1347 4118; x_wconf 84' lang='lat' dir='ltr'><strong>En·</strong></span> 
     </span>
     <span class='ocr_line' id='line_1_42' title="bbox 210 4129 1307 4198; baseline 0.002 -15"><span class='ocrx_word' id='word_1_321' title='bbox 210 4132 301 4192; x_wconf 88' lang='lat' dir='ltr'><strong>nium;</strong></span> <span class='ocrx_word' id='word_1_322' title='bbox 325 4129 417 4192; x_wconf 79' lang='lat' dir='ltr'><strong>‘sator&#39;</strong></span> <span class='ocrx_word' id='word_1_323' title='bbox 435 4131 592 4198; x_wconf 76' lang='lat' dir='ltr'><strong>appellatur</strong></span> <span class='ocrx_word' id='word_1_324' title='bbox 609 4148 626 4185; x_wconf 89' lang='lat' dir='ltr'><strong>a</strong></span> <span class='ocrx_word' id='word_1_325' title='bbox 645 4131 749 4185; x_wconf 89' lang='lat' dir='ltr'><strong>Pacnv.</strong></span> <span class='ocrx_word' id='word_1_326' title='bbox 765 4131 856 4186; x_wconf 90' lang='lat' dir='ltr'><strong>Perib.</strong></span> <span class='ocrx_word' id='word_1_327' title='bbox 871 4133 921 4182; x_wconf 82' lang='lat'><strong>295</strong></span> <span class='ocrx_word' id='word_1_328' title='bbox 941 4137 969 4185; x_wconf 88' lang='grc'>61</span> <span class='ocrx_word' id='word_1_329' title='bbox 986 4149 1003 4184; x_wconf 86' lang='lat' dir='ltr'><strong>a</strong></span> <span class='ocrx_word' id='word_1_330' title='bbox 1022 4132 1110 4187; x_wconf 81' lang='lat' dir='ltr'><strong>Cicer.</strong></span> <span class='ocrx_word' id='word_1_331' title='bbox 1125 4132 1208 4186; x_wconf 85' lang='lat' dir='ltr'><strong>Tuae.</strong></span> <span class='ocrx_word' id='word_1_332' title='bbox 1224 4134 1265 4198; x_wconf 89' lang='grc' dir='ltr'><strong>ΙΙ,</strong></span> <span class='ocrx_word' id='word_1_333' title='bbox 1282 4137 1307 4185; x_wconf 91' lang='grc'><strong>9.</strong></span> 
     </span>
    </p>

    <p class='ocr_par' dir='ltr' id='par_1_17' title="bbox 209 4198 1348 4344">
     <span class='ocr_line' id='line_1_43' title="bbox 277 4198 1348 4271; baseline 0.006 -20"><span class='ocrx_word' id='word_1_334' title='bbox 277 4199 308 4262; x_wconf 77' lang='grc'><strong>37)</strong></span> <span class='ocrx_word' id='word_1_335' title='bbox 330 4198 406 4268; x_wconf 90' lang='lat' dir='ltr'><strong>quod</strong></span> <span class='ocrx_word' id='word_1_336' title='bbox 423 4204 453 4253; x_wconf 85' lang='lat' dir='ltr'><strong>et</strong></span> <span class='ocrx_word' id='word_1_337' title='bbox 470 4200 499 4253; x_wconf 89' lang='lat' dir='ltr'><strong>in</strong></span> <span class='ocrx_word' id='word_1_338' title='bbox 511 4199 656 4255; x_wconf 85' lang='lat' dir='ltr'><strong>Thebaide</strong></span> <span class='ocrx_word' id='word_1_339' title='bbox 674 4206 703 4255; x_wconf 91' lang='lat' dir='ltr'><strong>et</strong></span> <span class='ocrx_word' id='word_1_340' title='bbox 720 4201 748 4254; x_wconf 94' lang='lat' dir='ltr'><strong>in</strong></span> <span class='ocrx_word' id='word_1_341' title='bbox 761 4199 898 4266; x_wconf 87' lang='lat' dir='ltr'><strong>Aeneide,</strong></span> <span class='ocrx_word' id='word_1_342' title='bbox 917 4215 988 4271; x_wconf 87' lang='lat' dir='ltr'><strong>quae</strong></span> <span class='ocrx_word' id='word_1_343' title='bbox 1006 4201 1060 4255; x_wconf 87' lang='lat' dir='ltr'><strong>sibi</strong></span> <span class='ocrx_word' id='word_1_344' title='bbox 1072 4202 1227 4270; x_wconf 85' lang='lat' dir='ltr'><strong>proposuit,</strong></span> <span class='ocrx_word' id='word_1_345' title='bbox 1243 4203 1348 4257; x_wconf 88' lang='lat' dir='ltr'><strong>Iunone</strong></span> 
     </span>
     <span class='ocr_line' id='line_1_44' title="bbox 209 4267 642 4344; baseline -0.012 -18"><span class='ocrx_word' id='word_1_346' title='bbox 209 4267 298 4328; x_wconf 81' lang='lat' dir='ltr'><strong>invita</strong></span> <span class='ocrx_word' id='word_1_347' title='bbox 315 4267 491 4344; x_wconf 85' lang='lat' dir='ltr'><strong>persequitur</strong></span> <span class='ocrx_word' id='word_1_348' title='bbox 508 4267 642 4344; x_wconf 86' lang='lat' dir='ltr'><strong>luppiter.</strong></span> 
     </span>
    </p>
   </div>
   <div class='ocr_carea' id='block_1_13' title="bbox 0 0 1404 4830">
    <p class='ocr_par' dir='ltr' id='par_1_18' title="bbox 0 0 1404 4830">
     <span class='ocr_line' id='line_1_45' title="bbox 0 0 1404 4830; baseline 0 2"><span class='ocrx_word' id='word_1_349' title='bbox 0 0 1404 4830; x_wconf 95' lang='lat' dir='ltr'><strong> </strong></span> 
     </span>
    </p>
   </div>
  </div>
 </body>
</html>
