2798 4830
128 311 147 375 8
570 343 612 352 -
660 305 723 386 [98]
770 341 813 351 -

129 504 236 583 poeta.
283 495 394 560 Altera
409 515 450 559 ex
465 499 557 578 parte
572 494 674 557 multa
689 499 772 573 sunt,
792 512 875 575 quae
891 493 919 557 si
936 493 1125 576 singillatim
1141 500 1271 577 specta-

128 599 225 682 veris,
252 599 369 682 exigua
391 616 464 663 esse
486 616 590 679 neque
621 596 792 680 quiequam
816 596 860 662 ad
882 617 949 662 rem
971 597 1169 681 probandam
1192 617 1271 662 oon-

129 705 213 770 ferre
228 702 395 769 videntur:
421 721 503 786 quae
526 700 555 765 si
578 706 783 766 conectuntur
805 708 837 768 et
859 700 1069 782 cumulantur,
1095 701 1270 766 auctorita-

130 816 194 874 tem
216 828 280 873 non
302 827 435 892 parvam
457 805 588 871 habent.

217 912 305 989 Quas
327 911 366 976 ob
385 928 512 990 causas,
538 909 566 974 si
584 909 679 973 nimis
702 909 812 987 multa,
843 909 959 992 quibus
984 909 1193 975 imitationem
1209 910 1269 976 de·

130 1022 313 1095 monstrem,
338 1013 484 1079 attulisse
507 1011 630 1095 videar,
656 1012 752 1077 venia
774 1012 852 1077 mihi
874 1013 945 1077 erit.

215 1117 274 1182 His
297 1117 425 1182 monitis
441 1121 475 1181 ut
489 1116 685 1200 propositum
707 1135 870 1199 peragam,
898 1115 981 1180 hano
997 1115 1083 1181 inibo
1099 1115 1264 1197 rationem,

130 1228 165 1287 ut
187 1220 322 1306 primum
346 1240 386 1285 ea
408 1239 607 1303 comparem,
640 1237 722 1302 quae
752 1224 898 1302 spectant
924 1218 968 1283 ad
996 1237 1098 1301 genus
1127 1217 1266 1298 dicendi,

131 1323 249 1390 deinde
265 1322 403 1388 Statium
425 1327 457 1388 et
473 1321 649 1404 Vergilium
666 1320 856 1387 Ovidiumve
880 1321 913 1386 in
929 1321 1137 1406 dispositione
1153 1322 1269 1386 carmi-

130 1449 206 1494 num
229 1434 262 1493 et
283 1426 445 1492 hominum
468 1445 636 1508 rerumque
659 1424 873 1510 descriptione
896 1432 929 1491 et
951 1426 1117 1492 sententiis
1139 1427 1268 1511 saepius

131 1532 309 1598 consentire
332 1531 475 1610 doceam,
501 1536 568 1594 tum
584 1529 624 1594 de
645 1535 802 1614 apparatu
823 1528 1048 1613 mythologice,
1075 1529 1131 1613 qui
1150 1529 1268 1620 ubique

130 1636 198 1702 iere
213 1635 299 1701 idem
316 1640 374 1715 est,
402 1633 570 1713 disseram,
597 1639 670 1717 post
684 1631 724 1698 dc
740 1633 1029 1716 comparationibus
1045 1633 1156 1717 epicis,
1175 1633 1268 1698 deni-

131 1759 193 1824 que
217 1738 257 1804 de
280 1756 429 1804 versuum
453 1737 631 1822 particulis,
657 1757 739 1818 quas
759 1737 792 1801 hi
807 1743 921 1822 poetae
937 1757 1120 1803 communes
1134 1739 1264 1819 habent,

130 1843 230 1909 verba
244 1842 399 1926 iaciam.¹l
448 1841 480 1906 in
504 1861 565 1923 quo
589 1842 759 1921 nonnulla,
786 1861 879 1921 quae,
915 1849 1008 1925 prout
1036 1841 1264 1927 percipiuntur,

130 1948 171 2013 ob
193 1948 302 2032 plures
325 1965 441 2011 causas
469 1944 511 2010 ad
535 1945 745 2011 imitationem
767 1944 992 2010 illustrandam
1014 1946 1183 2030 pertinent,
1208 1946 1269 2011 ite-

132 2072 203 2116 mm
224 2051 277 2116 vel
300 2049 427 2116 tertium
450 2050 581 2113 afferam
604 2068 684 2132 opus
707 2053 766 2113 est.
818 2070 892 2113 nam
913 2050 1052 2134 exempli
1076 2068 1174 2115 causa
1197 2070 1270 2114 ver·
1320 2093 1326 2107 x

133 2175 226 2221 suum
249 2154 414 2219 clausulae
438 2173 500 2218 non
524 2153 625 2218 solum
654 2151 744 2236 ipsae
770 2152 879 2235 magni
909 2153 1060 2218 momenti
1089 2159 1178 2233 sunt,
1211 2153 1270 2218 sed

134 2257 241 2338 etiam,
260 2254 316 2319 ubi
332 2253 372 2319 dc
388 2253 656 2338 descriptionibus
679 2253 795 2335 agitur,
821 2252 1041 2337 respiciendae
1065 2261 1153 2333 sunt;
1181 2255 1269 2319 etin

132 2358 353 2440 substantivis,
379 2356 556 2439 adiectivis,
582 2357 689 2422 verbis
711 2356 886 2422 tractandis
909 2357 1039 2442 saepius
1062 2356 1147 2423 idem
1170 2358 1214 2423 fit.

218 2463 308 2540 Quae
331 2462 438 2527 adhue
460 2462 501 2527 ab
524 2460 597 2526 aliis
620 2461 744 2546 prolata
766 2466 840 2535 sunt
862 2460 903 2526 de
929 2460 991 2526 hac
1013 2481 1063 2542 re,
1090 2481 1186 2545 quam
1209 2482 1269 2543 ag-

130 2586 261 2651 gressus
284 2585 372 2645 sum,
407 2584 471 2629 non
499 2565 633 2629 multum
656 2564 775 2629 valent.
822 2563 949 2629 initium
981 2569 1067 2629 recte
1096 2563 1173 2629 fecit
1195 2564 1269 2630 Otto

130 2671 266 2737 Mueller
287 2689 391 2752 neque
414 2668 583 2752 quisquam
605 2666 771 2749 hucusque
794 2687 866 2731 eum
889 2673 1018 2732 secutus
1041 2674 1101 2732 est.
1147 2666 1176 2732 is
1196 2688 1267 2732 oum

129 2776 164 2839 in
186 2772 327 2840 editione
349 2773 394 2836 VI
416 2772 568 2836 librorum
591 2769 775 2836 Thebaidos
795 2770 935 2854 (Lipsiae
959 2773 1050 2853 1870)
1075 2771 1268 2854 gravissima

129 2877 316 2942 imitationis
331 2875 496 2941 Statianae
511 2875 662 2959 exempla
683 2874 890 2958 congesserit,
907 2873 1149 2939 fundamentum
1173 2874 1268 2940 huius

131 2979 330 3063 quaestionis
357 2978 479 3064 posuit;
520 2977 577 3044 sed
608 2998 679 3043 cum
708 2958 809 3041 multa
837 2976 1017 3060 neglexerit
1046 2998 1149 3060 neque
1185 2999 1268 3059 quae

129 3084 288 3166 mactavit,
314 3103 437 3149 conexa
461 3083 525 3147 sint
542 3082 625 3148 inter
645 3101 692 3163 se,
719 3086 751 3147 et
772 3079 856 3146 intra
878 3100 935 3145 sex
958 3080 1055 3146 libros
1079 3081 1264 3163 substiterit,

130 3196 236 3254 actum
259 3208 356 3271 agere
371 3207 435 3252 non
450 3205 571 3268 vereor,
597 3185 635 3266 si,
662 3189 696 3248 ut
718 3205 785 3249 rem
808 3183 981 3268 perficiam,
1001 3185 1084 3249 hanc
1105 3185 1269 3268 quaestio-

131 3312 204 3357 nem
234 3290 339 3356 denuo
368 3289 543 3354 instituam.
577 3293 704 3372 praeter
725 3288 809 3351 hanc
831 3286 1003 3353 editionem
1026 3287 1158 3353 adhibui
1182 3309 1264 3373 eam,

130 3414 212 3478 quae
236 3399 345 3459 curata
367 3399 416 3458 est
438 3390 572 3457 Parisiis
599 3393 765 3468 1824-21
790 3389 973 3455 auctoribus
995 3391 1021 3454 I.
1047 3391 1086 3454 Α.
1112 3391 1210 3455 Amar
1237 3398 1269 3456 et

130 3496 295 3577 Lemaire,
327 3495 361 3560 in
390 3515 454 3578 qua
482 3494 639 3559 nonnulla
665 3493 783 3574 insunt,
810 3513 892 3577 quae
914 3494 977 3558 huc
1007 3501 1161 3578 spectent.
1209 3495 1267 3559 sed

130 3600 191 3665 hae
214 3599 371 3665 editiones
394 3599 616 3664 Lemairianae
639 3618 735 3678 quam
759 3595 903 3662 sublesta
931 3596 995 3662 fide
1019 3597 1163 3679 insignes
1190 3598 1263 3677 sint,

131 3703 211 3768 satis
233 3709 343 3768 notum
365 3709 423 3768 est.
472 3702 610 3785 denique
626 3700 830 3785 respicienda
845 3705 913 3764 erat
928 3699 1091 3785 appendix
1106 3702 1267 3766 Aeneidos

131 3806 261 3872 editioni
277 3805 401 3872 Ottonis
416 3805 586 3872 Ribbeckii
608 3803 734 3869 adiecta
755 3824 776 3868 a
795 3802 999 3869 Woldemarc
1023 3803 1177 3886 Ribbeck,
1203 3826 1268 3888 qua

131 3910 331 3976 continentur
352 3915 498 3974 auctores
521 3915 553 3973 ct
574 3907 749 3974 imitatores
771 3907 808 3970 P.
826 3906 962 3989 Vergilii
984 3906 1136 3972 Maronis.
1184 3928 1267 3990 quae

131 4019 298 4099 praeterea
312 4012 346 4076 in
361 4031 466 4076 meum
480 4031 573 4077 usum
590 4009 741 4088 converti,
761 4029 820 4074 suo
835 4009 904 4074 loco
927 4011 1265 4077 commemorabuntur.

201 4186 218 4248 ¹]
239 4184 272 4236 In
285 4183 413 4238 versibus
428 4182 547 4237 citandis
560 4180 604 4235 his
617 4198 685 4237 usus
697 4198 756 4236 sum
770 4180 955 4236 editionibus:
976 4181 1006 4234 P.
1018 4181 1136 4250 Vergilii
1145 4182 1267 4238 Maronis

132 4269 218 4322 opera
242 4253 381 4308 recensuit
405 4251 472 4307 Otto
496 4251 627 4306 Ribbeck
650 4252 764 4320 Lipsiae
785 4251 962 4305 1859-1868.
1000 4251 1031 4304 Ρ.
1056 4250 1172 4308 Ovidius
1189 4253 1265 4309 Naso

130 4340 165 4381 ex
182 4323 372 4394 recognitione
389 4320 532 4392 Rudolphi
551 4319 678 4377 Merkelii
697 4320 809 4392 Lipsiae
829 4321 904 4375 1851.
