2798 4830
127 319 167 380 ee
564 354 606 364 -
654 319 739 400 [rto]
786 355 826 364 -

161 504 239 561 volat
257 507 355 559 ocior
372 520 456 559 euro
475 504 524 571 Vl,
545 506 603 557 521.
755 503 828 573 fugit
855 505 956 559 ocior
984 521 1069 560 euro
1094 505 1176 570 VIII,
1203 507 1255 557 223.

721 591 785 656 XII,
806 593 865 642 733.

160 692 228 747 puer
246 645 346 731 ocior
363 694 449 732 aura
467 679 516 742 VI,
537 681 596 730 602.
755 676 830 746 fugit
846 678 943 732 ooior
961 694 1045 732 aura
1063 695 1098 733 m.
1119 679 1146 744 I,
1168 680 1226 733 502.

212 818 313 882 comp.
340 820 367 863 o.
393 798 542 864 fulmine:

162 917 239 971 ilicet
256 918 320 986 igne
338 917 414 973 Iovis
434 919 577 986 lapsisque
595 920 666 973 cita·
753 925 782 973 et
806 917 898 974 ventis
921 924 950 973 et
973 916 1097 972 fulminis
1116 918 1194 973 ocior
1211 920 1259 972 slis

128 1003 182 1058 tior
199 1004 283 1058 astris
300 1002 323 1067 I,
343 1005 386 1056 92.
719 1004 754 1068 V,
768 1006 828 1059 319.

162 1086 326 1143 fulminis
350 1091 384 1143 in
407 1107 533 1145 morem
554 1090 667 1160 (Hypsi-
753 1088 916 1145 fulminis
945 1089 980 1143 in
1006 1106 1131 1144 morem
1159 1089 1258 1155 (Acon-

128 1176 201 1246 pyle)
222 1175 258 1237 V,
280 1178 339 1230 593.
720 1182 789 1240 teusl
812 1177 862 1239 XI,
883 1179 942 1229 616.

162 1261 332 1330 caelestique
350 1262 425 1316 ocior
443 1263 507 1330 Igne
524 1263 574 1327 XI,
596 1265 654 1316 483.
754 1260 878 1318 fulminis
896 1268 960 1317 acta
979 1264 1062 1317 modo
1080 1264 1131 1329 IX,
1153 1265 1212 1316 loll.

214 1403 315 1467 comp.
341 1403 369 1448 o.
393 1404 495 1470 rupe:

196 1502 292 1566 lilla
309 1503 671 1571 velutrupesinmoto
756 1504 820 1558 ille
843 1505 945 1558 velut
967 1504 1060 1572 pelagi
1080 1519 1185 1571 rupes
1203 1505 1261 1557 im-

130 1602 215 1642 saxea
233 1589 296 1642 visu
312 1588 410 1644 haeret
425 1590 461 1655 V,
483 1591 542 1644 723.
573 1640 575 1673 3
723 1593 816 1644 mota
834 1589 942 1646 resistit
959 1590 1025 1658 VII,
1041 1591 1100 1642 586.

610 2078 700 2171 Cap.
731 2079 780 2148 ΙΙ.

220 2281 401 2361 Sequuntur
423 2280 753 2364 comparationes
779 2280 1004 2365 perfectae.

216 2440 320 2505 comp.
345 2418 461 2502 anguis
485 2438 511 2483 e.
538 2440 643 2501 angue
665 2418 698 2484 in
722 2421 811 2485 caelo
835 2419 923 2485 ficto:

162 2543 344 2610 †qnsntus
361 2540 397 2593 ab
415 2539 518 2595 arctois
537 2540 671 2594 discrimi-
757 2545 890 2608 tantoque
907 2548 952 2595 est
969 2555 1093 2610 corpore,
1115 2552 1261 2611 quanto,

128 2632 176 2680 nat
193 2626 452 2694 aetheraplaustris
464 2625 564 2695 anguis
582 2631 610 2680 et
627 2644 672 2681 ns-
722 2629 746 2682 si
765 2633 856 2682 totum
874 2631 994 2696 spectes,
1008 2627 1133 2695 gemines
1152 2629 1199 2697 qui
1217 2645 1264 2684 se-

128 2729 182 2782 que
199 2720 282 2768 notos
300 2712 475 2781 alienumque
502 2711 561 2767 exit
578 2713 606 2766 io
625 2728 670 2767 or·
722 2719 803 2781 purat
821 2718 913 2768 arctos
932 2712 1034 2777 m.111,
1054 2713 1131 2779 445⁴)

128 2798 190 2852 bem
208 2797 244 2863 V,
265 2799 323 2850 529.

217 2957 320 3023 comp.
344 2943 537 3022 pugnatores
560 2958 588 3002 o.
613 2958 719 3021 angue
740 2942 872 3003 novato:

163 3079 246 3139 †oou
283 3074 444 3129 lubricus
478 3074 536 3130 alte
571 3074 670 3142 anguis
743 3074 847 3143 vqualis
876 3074 925 3130 ubi
955 3075 989 3128 in
1015 3075 1123 3129 lucem
1151 3077 1267 3132 coluber

128 3161 211 3214 humo
235 3160 313 3214 verni
340 3159 443 3214 blanda
460 3161 502 3214 ad
520 3159 670 3228 spiramina
722 3161 794 3214 mala
811 3160 936 3229 gramina
952 3166 1065 3228 pastus,
1091 3158 1195 3230 frigida
1212 3163 1265 3218 snb

129 3247 223 3301 solis
241 3246 359 3314 erigitur
375 3245 446 3300 liber
458 3247 536 3300 senio
549 3250 577 3300 et
589 3260 671 3315 sque·
722 3251 796 3300 terra
814 3245 948 3300 tumidum
967 3262 1048 3315 quem
1069 3247 1167 3302 bruma
1185 3253 1266 3317 tege-

129 3332 252 3386 lentibus
274 3333 354 3386 annis
381 3338 508 3387 exutus
531 3332 669 3401 laetisque
721 3331 785 3394 bst,
806 3346 879 3384 nunc
897 3332 997 3400 positis
1014 3348 1103 3386 novus
1122 3335 1266 3389 exuviis

129 3417 221 3472 minax
239 3419 386 3474 interviret
402 3418 498 3472 herbis
516 3419 563 3481 IV,
586 3421 627 3473 95.
720 3417 881 3486 nitidusque
899 3418 1014 3472 iuventa
1032 3418 1171 3474 lubrica
1195 3436 1265 3474 con-

721 3503 810 3558 volvit
839 3503 950 3557 sublato
977 3508 1090 3570 pectore
1108 3512 1198 3574 terga,
1221 3523 1266 3560 ar-

721 3591 792 3644 duus
810 3591 847 3644 sd
866 3590 992 3653 solem,
1012 3595 1041 3644 et
1058 3591 1162 3659 linguis
1179 3593 1266 3648 micat

721 3693 768 3731 ore
787 3676 909 3732 trisulcis
927 3676 964 3737 Π,
984 3678 1044 3730 471.

754 3763 893 3831 anguibus
923 3762 1067 3818 exuitur
1096 3765 1173 3818 tenui
1201 3781 1264 3819 cum

720 3849 794 3918 pelle
829 3853 954 3905 vetustas
983 3854 1037 3903 art.
1059 3849 1116 3913 III,
1138 3853 1180 3904 77.
1216 3850 1262 3917 (cf.

723 3935 803 3988 Hom.
823 3934 857 3987 ll.
871 3933 907 3998 X,
927 3935 979 3999 93.)

199 4179 232 4243 5⁴)
253 4193 324 4248 quse
342 4178 513 4245 comparatio
532 4176 655 4230 illustrat
673 4175 886 4248 descriptionem
903 4174 990 4243 illum,
1019 4173 1047 4230 in
1073 4191 1128 4250 que
1151 4181 1265 4234 secutus

131 4254 176 4309 est
194 4246 302 4309 Statius
320 4246 450 4305 Ovidinm
468 4246 502 4302 cf.
518 4262 582 4319 pag.
599 4248 656 4302 150.
