<?xml version="1.0" encoding="UTF-8"?>
<!DOCTYPE html PUBLIC "-//W3C//DTD XHTML 1.0 Transitional//EN"
    "http://www.w3.org/TR/xhtml1/DTD/xhtml1-transitional.dtd">
<html xmlns="http://www.w3.org/1999/xhtml" xml:lang="en" lang="en">
 <head>
  <title>
</title>
<meta http-equiv="Content-Type" content="text/html;charset=utf-8" />
  <meta name='ocr-system' content='tesseract 3.04.00' />
  <meta name='ocr-capabilities' content='ocr_page ocr_carea ocr_par ocr_line ocrx_word'/>
</head>
<body>
  <div class='ocr_page' id='page_1' title='image "./deppapiniostati00deipgoog_0110.png"; bbox 0 0 2798 4830; ppageno 0'>
   <div class='ocr_carea' id='block_1_1' title="bbox 219 327 918 410">
    <p class='ocr_par' dir='ltr' id='par_1_1' title="bbox 219 327 918 410">
     <span class='ocr_line' id='line_1_1' title="bbox 219 327 918 410; baseline 0.007 -25"><span class='ocrx_word' id='word_1_1' title='bbox 219 327 278 388; x_wconf 80' lang='lat' dir='ltr'>roo</span> <span class='ocrx_word' id='word_1_2' title='bbox 651 365 692 374; x_wconf 80' lang='lat'>-</span> <span class='ocrx_word' id='word_1_3' title='bbox 742 328 853 410; x_wconf 76' lang='lat' dir='ltr'>pom,</span> <span class='ocrx_word' id='word_1_4' title='bbox 876 366 918 373; x_wconf 86' lang='lat'>-</span> 
     </span>
    </p>
   </div>
   <div class='ocr_carea' id='block_1_2' title="bbox 213 513 1356 980">
    <p class='ocr_par' dir='ltr' id='par_1_2' title="bbox 215 513 1356 752">
     <span class='ocr_line' id='line_1_2' title="bbox 216 513 1356 585; baseline 0.004 -19"><span class='ocrx_word' id='word_1_5' title='bbox 216 518 319 566; x_wconf 89' lang='lat' dir='ltr'>matres</span> <span class='ocrx_word' id='word_1_6' title='bbox 337 513 398 568; x_wconf 80' lang='lat' dir='ltr'>Cat.</span> <span class='ocrx_word' id='word_1_7' title='bbox 416 515 517 578; x_wconf 89' lang='lat' dir='ltr'>LXIV,</span> <span class='ocrx_word' id='word_1_8' title='bbox 540 516 645 580; x_wconf 73' lang='lat'>349)92).</span> <span class='ocrx_word' id='word_1_9' title='bbox 664 514 668 585; x_wconf 93' lang='grc' dir='ltr'>Ι</span> <span class='ocrx_word' id='word_1_10' title='bbox 689 516 756 570; x_wconf 84' lang='lat' dir='ltr'>nixa</span> <span class='ocrx_word' id='word_1_11' title='bbox 774 516 909 570; x_wconf 90' lang='lat' dir='ltr'>columnis</span> <span class='ocrx_word' id='word_1_12' title='bbox 927 518 965 582; x_wconf 88' lang='lat' dir='ltr'>ll,</span> <span class='ocrx_word' id='word_1_13' title='bbox 986 520 1027 569; x_wconf 81' lang='lat'>67.</span> <span class='ocrx_word' id='word_1_14' title='bbox 1049 517 1111 573; x_wconf 87' lang='lat' dir='ltr'>silv.</span> <span class='ocrx_word' id='word_1_15' title='bbox 1133 517 1155 579; x_wconf 92' lang='grc' dir='ltr'>Ι,</span> <span class='ocrx_word' id='word_1_16' title='bbox 1173 519 1202 578; x_wconf 82' lang='grc'>-2,</span> <span class='ocrx_word' id='word_1_17' title='bbox 1226 520 1285 570; x_wconf 79' lang='lat'>152.</span> <span class='ocrx_word' id='word_1_18' title='bbox 1312 519 1356 570; x_wconf 91' lang='lat' dir='ltr'>in-</span> 
     </span>
     <span class='ocr_line' id='line_1_3' title="bbox 215 600 1354 671; baseline 0.002 -19"><span class='ocrx_word' id='word_1_19' title='bbox 215 600 281 652; x_wconf 82' lang='lat' dir='ltr'>nixa</span> <span class='ocrx_word' id='word_1_20' title='bbox 298 617 337 655; x_wconf 81' lang='lat' dir='ltr'>a:</span> <span class='ocrx_word' id='word_1_21' title='bbox 365 601 428 654; x_wconf 87' lang='lat' dir='ltr'>silv.</span> <span class='ocrx_word' id='word_1_22' title='bbox 449 600 498 665; x_wconf 92' lang='lat' dir='ltr'>lV,</span> <span class='ocrx_word' id='word_1_23' title='bbox 519 602 543 665; x_wconf 83' lang='lat'>2,</span> <span class='ocrx_word' id='word_1_24' title='bbox 565 603 612 652; x_wconf 83' lang='lat'>38:</span> <span class='ocrx_word' id='word_1_25' title='bbox 634 603 730 656; x_wconf 87' lang='lat' dir='ltr'>innixa</span> <span class='ocrx_word' id='word_1_26' title='bbox 748 618 771 656; x_wconf 93' lang='lat' dir='ltr'>c.</span> <span class='ocrx_word' id='word_1_27' title='bbox 792 619 820 671; x_wconf 88' lang='lat' dir='ltr'>p.</span> <span class='ocrx_word' id='word_1_28' title='bbox 841 602 892 667; x_wconf 92' lang='lat' dir='ltr'>III,</span> <span class='ocrx_word' id='word_1_29' title='bbox 913 605 938 665; x_wconf 81' lang='lat'>2,</span> <span class='ocrx_word' id='word_1_30' title='bbox 959 604 1001 654; x_wconf 83' lang='grc'>49.</span> <span class='ocrx_word' id='word_1_31' title='bbox 1038 603 1230 657; x_wconf 88' lang='lat' dir='ltr'>Pseudo-Tib.</span> <span class='ocrx_word' id='word_1_32' title='bbox 1252 603 1305 666; x_wconf 89' lang='grc' dir='ltr'>ΠΙ,</span> <span class='ocrx_word' id='word_1_33' title='bbox 1329 607 1354 668; x_wconf 78' lang='lat'>3,</span> 
     </span>
     <span class='ocr_line' id='line_1_4' title="bbox 219 686 299 752; baseline 0 -16"><span class='ocrx_word' id='word_1_34' title='bbox 219 686 299 752; x_wconf 73' lang='lat' dir='ltr'>ras)</span> 
     </span>
    </p>

    <p class='ocr_par' dir='ltr' id='par_1_3' title="bbox 213 789 1353 980">
     <span class='ocr_line' id='line_1_5' title="bbox 300 789 1353 887; baseline 0.005 -34"><span class='ocrx_word' id='word_1_35' title='bbox 300 789 515 872; x_wconf 82' lang='lat' dir='ltr'>Adiungenda</span> <span class='ocrx_word' id='word_1_36' title='bbox 538 798 612 856; x_wconf 90' lang='lat' dir='ltr'>sunt</span> <span class='ocrx_word' id='word_1_37' title='bbox 632 793 786 856; x_wconf 89' lang='lat' dir='ltr'>nonnulla</span> <span class='ocrx_word' id='word_1_38' title='bbox 809 793 1021 887; x_wconf 86' lang='lat' dir='ltr'>substantiva</span> <span class='ocrx_word' id='word_1_39' title='bbox 1040 813 1114 858; x_wconf 91' lang='lat' dir='ltr'>cum</span> <span class='ocrx_word' id='word_1_40' title='bbox 1136 793 1353 877; x_wconf 87' lang='lat' dir='ltr'>praepositio-</span> 
     </span>
     <span class='ocr_line' id='line_1_6' title="bbox 213 893 1352 980; baseline 0.004 -23"><span class='ocrx_word' id='word_1_41' title='bbox 213 893 306 958; x_wconf 81' lang='lat' dir='ltr'>nibus</span> <span class='ocrx_word' id='word_1_42' title='bbox 330 894 515 976; x_wconf 89' lang='lat' dir='ltr'>coniuncta,</span> <span class='ocrx_word' id='word_1_43' title='bbox 542 914 624 976; x_wconf 91' lang='lat' dir='ltr'>quae</span> <span class='ocrx_word' id='word_1_44' title='bbox 647 896 830 980; x_wconf 91' lang='lat' dir='ltr'>ubicunque</span> <span class='ocrx_word' id='word_1_45' title='bbox 853 897 1002 978; x_wconf 87' lang='lat' dir='ltr'>leguntur</span> <span class='ocrx_word' id='word_1_46' title='bbox 1023 897 1057 960; x_wconf 92' lang='lat' dir='ltr'>in</span> <span class='ocrx_word' id='word_1_47' title='bbox 1079 896 1131 961; x_wconf 92' lang='lat' dir='ltr'>his</span> <span class='ocrx_word' id='word_1_48' title='bbox 1154 897 1352 962; x_wconf 80' lang='lat' dir='ltr'>carminibus</span> 
     </span>
    </p>
   </div>
   <div class='ocr_carea' id='block_1_3' title="bbox 216 997 516 1062">
    <p class='ocr_par' dir='ltr' id='par_1_4' title="bbox 216 997 516 1062">
     <span class='ocr_line' id='line_1_7' title="bbox 216 997 516 1062; baseline -0.007 -1"><span class='ocrx_word' id='word_1_49' title='bbox 216 1015 327 1061; x_wconf 87' lang='lat' dir='ltr'>versus</span> <span class='ocrx_word' id='word_1_50' title='bbox 350 997 516 1062; x_wconf 92' lang='lat' dir='ltr'>claudunt:</span> 
     </span>
    </p>
   </div>
   <div class='ocr_carea' id='block_1_4' title="bbox 210 1116 1349 1362">
    <p class='ocr_par' dir='ltr' id='par_1_5' title="bbox 210 1116 1349 1362">
     <span class='ocr_line' id='line_1_8' title="bbox 280 1116 1349 1192; baseline 0.005 -22"><span class='ocrx_word' id='word_1_51' title='bbox 280 1135 431 1187; x_wconf 76' lang='lat' dir='ltr'>perdebam</span> <span class='ocrx_word' id='word_1_52' title='bbox 447 1116 451 1186; x_wconf 96' lang='grc' dir='ltr'>Ι</span> <span class='ocrx_word' id='word_1_53' title='bbox 464 1119 599 1187; x_wconf 80' lang='lat' dir='ltr'>perardec</span> <span class='ocrx_word' id='word_1_54' title='bbox 615 1119 619 1186; x_wconf 94' lang='grc' dir='ltr'>Ι</span> <span class='ocrx_word' id='word_1_55' title='bbox 631 1120 800 1188; x_wconf 72' lang='lat' dir='ltr'>perumbrat</span> <span class='ocrx_word' id='word_1_56' title='bbox 815 1119 819 1190; x_wconf 98' lang='grc' dir='ltr'>Ι</span> <span class='ocrx_word' id='word_1_57' title='bbox 833 1138 984 1190; x_wconf 75' lang='lat' dir='ltr'>peraqmca</span> <span class='ocrx_word' id='word_1_58' title='bbox 1000 1121 1003 1190; x_wconf 97' lang='grc' dir='ltr'>Ι</span> <span class='ocrx_word' id='word_1_59' title='bbox 1016 1119 1176 1190; x_wconf 68' lang='lat' dir='ltr'>peragrari</span> <span class='ocrx_word' id='word_1_60' title='bbox 1188 1122 1349 1192; x_wconf 76' lang='lat' dir='ltr'>peraarasl</span> 
     </span>
     <span class='ocr_line' id='line_1_9' title="bbox 210 1203 1349 1277; baseline 0.005 -21"><span class='ocrx_word' id='word_1_61' title='bbox 210 1222 262 1274; x_wconf 75' lang='lat' dir='ltr'>per</span> <span class='ocrx_word' id='word_1_62' title='bbox 278 1204 372 1257; x_wconf 77' lang='lat' dir='ltr'>bertae</span> <span class='ocrx_word' id='word_1_63' title='bbox 393 1205 397 1268; x_wconf 87' lang='grc' dir='ltr'>Ι</span> <span class='ocrx_word' id='word_1_64' title='bbox 415 1221 466 1272; x_wconf 80' lang='lat' dir='ltr'>per</span> <span class='ocrx_word' id='word_1_65' title='bbox 483 1204 565 1257; x_wconf 78' lang='lat' dir='ltr'>bootes</span> <span class='ocrx_word' id='word_1_66' title='bbox 587 1203 591 1274; x_wconf 93' lang='grc' dir='ltr'>Ι</span> <span class='ocrx_word' id='word_1_67' title='bbox 609 1224 661 1275; x_wconf 79' lang='lat' dir='ltr'>per·</span> <span class='ocrx_word' id='word_1_68' title='bbox 678 1211 753 1259; x_wconf 80' lang='lat' dir='ltr'>artas</span> <span class='ocrx_word' id='word_1_69' title='bbox 775 1206 779 1275; x_wconf 97' lang='grc' dir='ltr'>Ι</span> <span class='ocrx_word' id='word_1_70' title='bbox 799 1207 847 1260; x_wconf 81' lang='lat' dir='ltr'>sul&gt;</span> <span class='ocrx_word' id='word_1_71' title='bbox 865 1207 948 1260; x_wconf 76' lang='lat' dir='ltr'>armis</span> <span class='ocrx_word' id='word_1_72' title='bbox 969 1205 973 1275; x_wconf 95' lang='grc' dir='ltr'>Ι</span> <span class='ocrx_word' id='word_1_73' title='bbox 994 1208 1040 1260; x_wconf 82' lang='lat' dir='ltr'>sab</span> <span class='ocrx_word' id='word_1_74' title='bbox 1058 1207 1152 1260; x_wconf 64' lang='lat' dir='ltr'>onoma</span> <span class='ocrx_word' id='word_1_75' title='bbox 1173 1206 1177 1276; x_wconf 96' lang='grc' dir='ltr'>Ι</span> <span class='ocrx_word' id='word_1_76' title='bbox 1194 1207 1230 1260; x_wconf 83' lang='lat' dir='ltr'>ad</span> <span class='ocrx_word' id='word_1_77' title='bbox 1245 1227 1327 1262; x_wconf 75' lang='lat' dir='ltr'>aaran</span> <span class='ocrx_word' id='word_1_78' title='bbox 1345 1208 1349 1277; x_wconf 95' lang='grc' dir='ltr'>Ι</span> 
     </span>
     <span class='ocr_line' id='line_1_10' title="bbox 214 1289 1084 1362; baseline 0.003 -19"><span class='ocrx_word' id='word_1_79' title='bbox 214 1291 246 1343; x_wconf 84' lang='lat' dir='ltr'>ab</span> <span class='ocrx_word' id='word_1_80' title='bbox 264 1307 326 1344; x_wconf 86' lang='lat' dir='ltr'>arce</span> <span class='ocrx_word' id='word_1_81' title='bbox 343 1289 347 1360; x_wconf 92' lang='grc' dir='ltr'>Ι</span> <span class='ocrx_word' id='word_1_82' title='bbox 362 1291 393 1343; x_wconf 82' lang='lat' dir='ltr'>ab</span> <span class='ocrx_word' id='word_1_83' title='bbox 413 1291 466 1342; x_wconf 81' lang='lat' dir='ltr'>alto</span> <span class='ocrx_word' id='word_1_84' title='bbox 481 1293 485 1353; x_wconf 96' lang='grc' dir='ltr'>Ι</span> <span class='ocrx_word' id='word_1_85' title='bbox 502 1292 534 1343; x_wconf 87' lang='lat' dir='ltr'>ab</span> <span class='ocrx_word' id='word_1_86' title='bbox 553 1292 628 1362; x_wconf 77' lang='lat' dir='ltr'>criel</span> <span class='ocrx_word' id='word_1_87' title='bbox 644 1293 673 1346; x_wconf 83' lang='lat' dir='ltr'>t&#39;o</span> <span class='ocrx_word' id='word_1_88' title='bbox 691 1311 771 1346; x_wconf 81' lang='lat' dir='ltr'>caras</span> <span class='ocrx_word' id='word_1_89' title='bbox 787 1291 792 1362; x_wconf 92' lang='grc' dir='ltr'>Ι</span> <span class='ocrx_word' id='word_1_90' title='bbox 807 1293 836 1346; x_wconf 79' lang='lat' dir='ltr'>ia</span> <span class='ocrx_word' id='word_1_91' title='bbox 854 1293 910 1346; x_wconf 81' lang='lat' dir='ltr'>iras</span> <span class='ocrx_word' id='word_1_92' title='bbox 926 1290 929 1361; x_wconf 95' lang='grc' dir='ltr'>Ι</span> <span class='ocrx_word' id='word_1_93' title='bbox 945 1294 974 1347; x_wconf 82' lang='lat' dir='ltr'>ia</span> <span class='ocrx_word' id='word_1_94' title='bbox 991 1293 1084 1346; x_wconf 82' lang='lat' dir='ltr'>armis.</span> 
     </span>
    </p>
   </div>
   <div class='ocr_carea' id='block_1_5' title="bbox 212 1534 1352 2865">
    <p class='ocr_par' dir='ltr' id='par_1_6' title="bbox 212 1534 1352 2033">
     <span class='ocr_line' id='line_1_11' title="bbox 299 1534 1351 1621; baseline 0.005 -24"><span class='ocrx_word' id='word_1_95' title='bbox 299 1534 456 1611; x_wconf 76' lang='lat' dir='ltr'>Quoniam</span> <span class='ocrx_word' id='word_1_96' title='bbox 483 1535 605 1599; x_wconf 80' lang='lat' dir='ltr'>similes</span> <span class='ocrx_word' id='word_1_97' title='bbox 627 1553 739 1599; x_wconf 85' lang='lat' dir='ltr'>versus</span> <span class='ocrx_word' id='word_1_98' title='bbox 755 1555 850 1616; x_wconf 91' lang='lat' dir='ltr'>quam</span> <span class='ocrx_word' id='word_1_99' title='bbox 866 1536 954 1619; x_wconf 91' lang='lat' dir='ltr'>potui</span> <span class='ocrx_word' id='word_1_100' title='bbox 971 1535 1218 1616; x_wconf 82' lang='lat' dir='ltr'>diligentissime</span> <span class='ocrx_word' id='word_1_101' title='bbox 1234 1536 1351 1621; x_wconf 79' lang='lat' dir='ltr'>collegi</span> 
     </span>
     <span class='ocr_line' id='line_1_12' title="bbox 214 1638 1352 1720; baseline 0.005 -20"><span class='ocrx_word' id='word_1_102' title='bbox 214 1643 246 1701; x_wconf 92' lang='lat' dir='ltr'>et</span> <span class='ocrx_word' id='word_1_103' title='bbox 268 1638 470 1720; x_wconf 81' lang='lat' dir='ltr'>enumeravi,</span> <span class='ocrx_word' id='word_1_104' title='bbox 503 1638 661 1720; x_wconf 91' lang='lat' dir='ltr'>quomodo</span> <span class='ocrx_word' id='word_1_105' title='bbox 684 1639 803 1703; x_wconf 89' lang='lat' dir='ltr'>factum</span> <span class='ocrx_word' id='word_1_106' title='bbox 827 1639 884 1720; x_wconf 90' lang='lat' dir='ltr'>sit,</span> <span class='ocrx_word' id='word_1_107' title='bbox 918 1645 953 1703; x_wconf 93' lang='lat' dir='ltr'>ut</span> <span class='ocrx_word' id='word_1_108' title='bbox 974 1645 1063 1703; x_wconf 87' lang='lat' dir='ltr'>tanta</span> <span class='ocrx_word' id='word_1_109' title='bbox 1085 1639 1239 1705; x_wconf 86' lang='lat' dir='ltr'>evaderet</span> <span class='ocrx_word' id='word_1_110' title='bbox 1262 1643 1352 1706; x_wconf 91' lang='lat' dir='ltr'>clau-</span> 
     </span>
     <span class='ocr_line' id='line_1_13' title="bbox 213 1741 1347 1827; baseline 0.005 -22"><span class='ocrx_word' id='word_1_111' title='bbox 213 1741 355 1805; x_wconf 88' lang='lat' dir='ltr'>sularum</span> <span class='ocrx_word' id='word_1_112' title='bbox 385 1762 468 1823; x_wconf 88' lang='lat' dir='ltr'>quae</span> <span class='ocrx_word' id='word_1_113' title='bbox 498 1748 674 1824; x_wconf 90' lang='lat' dir='ltr'>congruunt</span> <span class='ocrx_word' id='word_1_114' title='bbox 696 1742 877 1823; x_wconf 89' lang='lat' dir='ltr'>multitudo,</span> <span class='ocrx_word' id='word_1_115' title='bbox 908 1742 1020 1826; x_wconf 90' lang='lat' dir='ltr'>paucis</span> <span class='ocrx_word' id='word_1_116' title='bbox 1050 1743 1262 1827; x_wconf 90' lang='lat' dir='ltr'>aperiendum</span> <span class='ocrx_word' id='word_1_117' title='bbox 1285 1753 1347 1825; x_wconf 74' lang='lat' dir='ltr'>est,</span> 
     </span>
     <span class='ocr_line' id='line_1_14' title="bbox 212 1845 1347 1932; baseline 0.004 -23"><span class='ocrx_word' id='word_1_118' title='bbox 212 1851 360 1910; x_wconf 87' lang='lat' dir='ltr'>accurate</span> <span class='ocrx_word' id='word_1_119' title='bbox 390 1845 430 1910; x_wconf 94' lang='lat' dir='ltr'>de</span> <span class='ocrx_word' id='word_1_120' title='bbox 460 1846 618 1910; x_wconf 86' lang='lat' dir='ltr'>universis</span> <span class='ocrx_word' id='word_1_121' title='bbox 651 1845 747 1910; x_wconf 88' lang='lat' dir='ltr'>huius</span> <span class='ocrx_word' id='word_1_122' title='bbox 780 1846 826 1910; x_wconf 89' lang='lat' dir='ltr'>rei</span> <span class='ocrx_word' id='word_1_123' title='bbox 858 1846 964 1910; x_wconf 89' lang='lat' dir='ltr'>causis</span> <span class='ocrx_word' id='word_1_124' title='bbox 998 1846 1156 1929; x_wconf 88' lang='lat' dir='ltr'>quaesivit</span> <span class='ocrx_word' id='word_1_125' title='bbox 1184 1847 1347 1932; x_wconf 85' lang='lat' dir='ltr'>Zingerle,</span> 
     </span>
     <span class='ocr_line' id='line_1_15' title="bbox 212 1945 613 2033; baseline -0.005 -20"><span class='ocrx_word' id='word_1_126' title='bbox 212 1945 304 2013; x_wconf 80' lang='lat' dir='ltr'>Ovid</span> <span class='ocrx_word' id='word_1_127' title='bbox 330 1968 406 2033; x_wconf 80' lang='lat' dir='ltr'>pag.</span> <span class='ocrx_word' id='word_1_128' title='bbox 435 1952 613 2013; x_wconf 73' lang='lat' dir='ltr'>tlt-mo.</span> 
     </span>
    </p>

    <p class='ocr_par' dir='ltr' id='par_1_7' title="bbox 212 2051 1352 2865">
     <span class='ocr_line' id='line_1_16' title="bbox 298 2051 1347 2138; baseline 0.004 -23"><span class='ocrx_word' id='word_1_129' title='bbox 298 2052 361 2116; x_wconf 86' lang='lat' dir='ltr'>illa</span> <span class='ocrx_word' id='word_1_130' title='bbox 375 2058 465 2117; x_wconf 89' lang='lat' dir='ltr'>tanta</span> <span class='ocrx_word' id='word_1_131' title='bbox 481 2051 666 2134; x_wconf 79' lang='lat' dir='ltr'>similitude,</span> <span class='ocrx_word' id='word_1_132' title='bbox 686 2072 782 2133; x_wconf 91' lang='lat' dir='ltr'>quam</span> <span class='ocrx_word' id='word_1_133' title='bbox 796 2052 881 2116; x_wconf 90' lang='lat' dir='ltr'>inter</span> <span class='ocrx_word' id='word_1_134' title='bbox 895 2051 1065 2116; x_wconf 85' lang='lat' dir='ltr'>Thebaida</span> <span class='ocrx_word' id='word_1_135' title='bbox 1079 2058 1175 2134; x_wconf 92' lang='lat' dir='ltr'>atque</span> <span class='ocrx_word' id='word_1_136' title='bbox 1189 2053 1347 2138; x_wconf 88' lang='lat' dir='ltr'>Aeneida,</span> 
     </span>
     <span class='ocr_line' id='line_1_17' title="bbox 212 2155 1350 2240; baseline 0.004 -20"><span class='ocrx_word' id='word_1_137' title='bbox 212 2157 501 2240; x_wconf 82' lang='lat' dir='ltr'>Metamorphoses,</span> <span class='ocrx_word' id='word_1_138' title='bbox 533 2156 660 2238; x_wconf 90' lang='lat' dir='ltr'>reliqua</span> <span class='ocrx_word' id='word_1_139' title='bbox 690 2156 830 2220; x_wconf 89' lang='lat' dir='ltr'>carmina</span> <span class='ocrx_word' id='word_1_140' title='bbox 860 2174 931 2220; x_wconf 90' lang='lat' dir='ltr'>esse</span> <span class='ocrx_word' id='word_1_141' title='bbox 954 2155 1109 2237; x_wconf 87' lang='lat' dir='ltr'>vidimus,</span> <span class='ocrx_word' id='word_1_142' title='bbox 1142 2158 1232 2222; x_wconf 92' lang='lat' dir='ltr'>nullo</span> <span class='ocrx_word' id='word_1_143' title='bbox 1255 2159 1350 2224; x_wconf 91' lang='lat' dir='ltr'>modo</span> 
     </span>
     <span class='ocr_line' id='line_1_18' title="bbox 213 2257 1352 2345; baseline 0.003 -21"><span class='ocrx_word' id='word_1_144' title='bbox 213 2260 275 2324; x_wconf 91' lang='lat' dir='ltr'>nisi</span> <span class='ocrx_word' id='word_1_145' title='bbox 298 2279 421 2324; x_wconf 87' lang='lat' dir='ltr'>summo</span> <span class='ocrx_word' id='word_1_146' title='bbox 445 2259 548 2324; x_wconf 90' lang='lat' dir='ltr'>studio</span> <span class='ocrx_word' id='word_1_147' title='bbox 572 2257 657 2324; x_wconf 85' lang='lat' dir='ltr'>effici</span> <span class='ocrx_word' id='word_1_148' title='bbox 680 2259 808 2342; x_wconf 80' lang='lat' dir='ltr'>potuit,</span> <span class='ocrx_word' id='word_1_149' title='bbox 829 2280 890 2342; x_wconf 93' lang='lat' dir='ltr'>quo</span> <span class='ocrx_word' id='word_1_150' title='bbox 914 2259 1036 2324; x_wconf 82' lang='lat' dir='ltr'>Statius</span> <span class='ocrx_word' id='word_1_151' title='bbox 1058 2259 1109 2323; x_wconf 89' lang='lat' dir='ltr'>his</span> <span class='ocrx_word' id='word_1_152' title='bbox 1131 2260 1235 2344; x_wconf 87' lang='lat' dir='ltr'>poetis</span> <span class='ocrx_word' id='word_1_153' title='bbox 1257 2263 1352 2345; x_wconf 88' lang='lat' dir='ltr'>peni-</span> 
     </span>
     <span class='ocr_line' id='line_1_19' title="bbox 213 2362 1350 2447; baseline 0.003 -19"><span class='ocrx_word' id='word_1_154' title='bbox 213 2369 265 2428; x_wconf 88' lang='lat' dir='ltr'>tus</span> <span class='ocrx_word' id='word_1_155' title='bbox 299 2362 528 2446; x_wconf 87' lang='lat' dir='ltr'>cognoscendis</span> <span class='ocrx_word' id='word_1_156' title='bbox 558 2383 593 2427; x_wconf 91' lang='lat' dir='ltr'>se</span> <span class='ocrx_word' id='word_1_157' title='bbox 617 2362 749 2427; x_wconf 91' lang='lat' dir='ltr'>dedidit.</span> <span class='ocrx_word' id='word_1_158' title='bbox 797 2384 858 2447; x_wconf 94' lang='lat' dir='ltr'>quo</span> <span class='ocrx_word' id='word_1_159' title='bbox 882 2362 987 2428; x_wconf 87' lang='lat' dir='ltr'>studio</span> <span class='ocrx_word' id='word_1_160' title='bbox 1010 2362 1142 2446; x_wconf 89' lang='lat' dir='ltr'>accidit,</span> <span class='ocrx_word' id='word_1_161' title='bbox 1176 2370 1212 2428; x_wconf 93' lang='lat' dir='ltr'>ut</span> <span class='ocrx_word' id='word_1_162' title='bbox 1233 2367 1350 2431; x_wconf 87' lang='lat' dir='ltr'>multos</span> 
     </span>
     <span class='ocr_line' id='line_1_20' title="bbox 215 2465 1350 2551; baseline 0.004 -20"><span class='ocrx_word' id='word_1_163' title='bbox 215 2485 327 2531; x_wconf 86' lang='lat' dir='ltr'>versus</span> <span class='ocrx_word' id='word_1_164' title='bbox 349 2466 496 2550; x_wconf 84' lang='lat' dir='ltr'>inprimis</span> <span class='ocrx_word' id='word_1_165' title='bbox 521 2486 560 2530; x_wconf 81' lang='lat' dir='ltr'>ex</span> <span class='ocrx_word' id='word_1_166' title='bbox 580 2466 686 2531; x_wconf 87' lang='lat' dir='ltr'>Ovidii</span> <span class='ocrx_word' id='word_1_167' title='bbox 702 2465 906 2550; x_wconf 81' lang='lat' dir='ltr'>carminibus,</span> <span class='ocrx_word' id='word_1_168' title='bbox 928 2488 1011 2549; x_wconf 89' lang='lat' dir='ltr'>quae</span> <span class='ocrx_word' id='word_1_169' title='bbox 1027 2473 1140 2551; x_wconf 88' lang='lat' dir='ltr'>sponte</span> <span class='ocrx_word' id='word_1_170' title='bbox 1156 2486 1216 2533; x_wconf 91' lang='lat' dir='ltr'>sua</span> <span class='ocrx_word' id='word_1_171' title='bbox 1232 2469 1276 2534; x_wconf 92' lang='lat' dir='ltr'>ad</span> <span class='ocrx_word' id='word_1_172' title='bbox 1290 2491 1350 2535; x_wconf 93' lang='lat' dir='ltr'>nu-</span> 
     </span>
     <span class='ocr_line' id='line_1_21' title="bbox 213 2570 1350 2655; baseline 0.004 -22"><span class='ocrx_word' id='word_1_173' title='bbox 213 2589 316 2634; x_wconf 88' lang='lat' dir='ltr'>meros</span> <span class='ocrx_word' id='word_1_174' title='bbox 339 2577 432 2654; x_wconf 91' lang='lat' dir='ltr'>aptos</span> <span class='ocrx_word' id='word_1_175' title='bbox 455 2571 582 2635; x_wconf 91' lang='lat' dir='ltr'>venisse</span> <span class='ocrx_word' id='word_1_176' title='bbox 605 2570 674 2654; x_wconf 90' lang='lat' dir='ltr'>ipse</span> <span class='ocrx_word' id='word_1_177' title='bbox 696 2576 807 2635; x_wconf 89' lang='lat' dir='ltr'>auctor</span> <span class='ocrx_word' id='word_1_178' title='bbox 822 2570 950 2655; x_wconf 59' lang='lat' dir='ltr'>dicits)</span> <span class='ocrx_word' id='word_1_179' title='bbox 971 2571 1124 2635; x_wconf 90' lang='lat' dir='ltr'>memoria</span> <span class='ocrx_word' id='word_1_180' title='bbox 1144 2571 1299 2638; x_wconf 86' lang='lat' dir='ltr'>retineret</span> <span class='ocrx_word' id='word_1_181' title='bbox 1319 2581 1350 2638; x_wconf 96' lang='lat' dir='ltr'>et</span> 
     </span>
     <span class='ocr_line' id='line_1_22' title="bbox 213 2672 1349 2742; baseline 0.004 -4"><span class='ocrx_word' id='word_1_182' title='bbox 213 2674 381 2739; x_wconf 87' lang='lat' dir='ltr'>occasione</span> <span class='ocrx_word' id='word_1_183' title='bbox 413 2673 489 2738; x_wconf 91' lang='lat' dir='ltr'>data</span> <span class='ocrx_word' id='word_1_184' title='bbox 519 2673 631 2739; x_wconf 91' lang='lat' dir='ltr'>eodem</span> <span class='ocrx_word' id='word_1_185' title='bbox 656 2674 708 2739; x_wconf 86' lang='lat' dir='ltr'>vel</span> <span class='ocrx_word' id='word_1_186' title='bbox 739 2672 865 2739; x_wconf 87' lang='lat' dir='ltr'>diverso</span> <span class='ocrx_word' id='word_1_187' title='bbox 895 2674 988 2739; x_wconf 92' lang='lat' dir='ltr'>modo</span> <span class='ocrx_word' id='word_1_188' title='bbox 1018 2674 1200 2740; x_wconf 90' lang='lat' dir='ltr'>adhiberet:</span> <span class='ocrx_word' id='word_1_189' title='bbox 1228 2676 1349 2742; x_wconf 88' lang='lat' dir='ltr'>nolenti</span> 
     </span>
     <span class='ocr_line' id='line_1_23' title="bbox 212 2777 1347 2865; baseline 0.003 -23"><span class='ocrx_word' id='word_1_190' title='bbox 212 2778 304 2860; x_wconf 90' lang='lat' dir='ltr'>quasi</span> <span class='ocrx_word' id='word_1_191' title='bbox 326 2783 451 2862; x_wconf 90' lang='lat' dir='ltr'>poetae,</span> <span class='ocrx_word' id='word_1_192' title='bbox 478 2777 596 2862; x_wconf 90' lang='lat' dir='ltr'>quippe</span> <span class='ocrx_word' id='word_1_193' title='bbox 619 2778 674 2860; x_wconf 93' lang='lat' dir='ltr'>qui</span> <span class='ocrx_word' id='word_1_194' title='bbox 697 2797 805 2841; x_wconf 90' lang='lat' dir='ltr'>amore</span> <span class='ocrx_word' id='word_1_195' title='bbox 827 2777 965 2858; x_wconf 91' lang='lat' dir='ltr'>quodam</span> <span class='ocrx_word' id='word_1_196' title='bbox 989 2779 1139 2861; x_wconf 83' lang='lat' dir='ltr'>exempla</span> <span class='ocrx_word' id='word_1_197' title='bbox 1161 2781 1347 2865; x_wconf 83' lang='lat' dir='ltr'>complexus</span> 
     </span>
    </p>
   </div>
   <div class='ocr_carea' id='block_1_6' title="bbox 106 2879 1155 2961">
    <p class='ocr_par' dir='ltr' id='par_1_8' title="bbox 106 2879 1155 2961">
     <span class='ocr_line' id='line_1_24' title="bbox 106 2879 1155 2961; baseline 0 -17"><span class='ocrx_word' id='word_1_198' title='bbox 106 2879 107 2884; x_wconf 72' lang='grc'>’</span> <span class='ocrx_word' id='word_1_199' title='bbox 212 2879 263 2961; x_wconf 91' lang='lat' dir='ltr'>sit,</span> <span class='ocrx_word' id='word_1_200' title='bbox 291 2880 467 2945; x_wconf 78' lang='lat' dir='ltr'>ovidianae</span> <span class='ocrx_word' id='word_1_201' title='bbox 491 2887 522 2946; x_wconf 93' lang='lat' dir='ltr'>et</span> <span class='ocrx_word' id='word_1_202' title='bbox 543 2881 749 2946; x_wconf 87' lang='lat' dir='ltr'>Maronianae</span> <span class='ocrx_word' id='word_1_203' title='bbox 773 2880 937 2945; x_wconf 89' lang='lat' dir='ltr'>clausulae</span> <span class='ocrx_word' id='word_1_204' title='bbox 960 2880 1155 2946; x_wconf 88' lang='lat' dir='ltr'>excidemnt.</span> 
     </span>
    </p>
   </div>
   <div class='ocr_carea' id='block_1_7' title="bbox 186 2983 1348 4000">
    <p class='ocr_par' dir='ltr' id='par_1_9' title="bbox 211 2983 1345 3170">
     <span class='ocr_line' id='line_1_25' title="bbox 297 2983 1345 3068; baseline 0.002 -21"><span class='ocrx_word' id='word_1_205' title='bbox 297 2983 386 3048; x_wconf 86' lang='lat' dir='ltr'>Haec</span> <span class='ocrx_word' id='word_1_206' title='bbox 408 2983 570 3068; x_wconf 89' lang='lat' dir='ltr'>pertinent</span> <span class='ocrx_word' id='word_1_207' title='bbox 592 2984 635 3048; x_wconf 91' lang='lat' dir='ltr'>ad</span> <span class='ocrx_word' id='word_1_208' title='bbox 658 3002 713 3048; x_wconf 88' lang='lat' dir='ltr'>eos</span> <span class='ocrx_word' id='word_1_209' title='bbox 729 3002 851 3065; x_wconf 88' lang='lat' dir='ltr'>versus,</span> <span class='ocrx_word' id='word_1_210' title='bbox 878 2983 934 3065; x_wconf 92' lang='lat' dir='ltr'>qui</span> <span class='ocrx_word' id='word_1_211' title='bbox 955 3004 1019 3049; x_wconf 92' lang='lat' dir='ltr'>non</span> <span class='ocrx_word' id='word_1_212' title='bbox 1041 2990 1107 3048; x_wconf 90' lang='lat' dir='ltr'>tam</span> <span class='ocrx_word' id='word_1_213' title='bbox 1130 3002 1228 3049; x_wconf 87' lang='lat' dir='ltr'>sensu</span> <span class='ocrx_word' id='word_1_214' title='bbox 1250 3006 1345 3068; x_wconf 91' lang='lat' dir='ltr'>quarn</span> 
     </span>
     <span class='ocr_line' id='line_1_26' title="bbox 211 3087 526 3170; baseline -0.006 -18"><span class='ocrx_word' id='word_1_215' title='bbox 211 3087 316 3152; x_wconf 88' lang='lat' dir='ltr'>verbis</span> <span class='ocrx_word' id='word_1_216' title='bbox 339 3094 526 3170; x_wconf 91' lang='lat' dir='ltr'>congruunt.</span> 
     </span>
    </p>

    <p class='ocr_par' dir='ltr' id='par_1_10' title="bbox 186 3190 1348 4000">
     <span class='ocr_line' id='line_1_27' title="bbox 298 3190 1347 3275; baseline -0.001 -18"><span class='ocrx_word' id='word_1_217' title='bbox 298 3192 429 3257; x_wconf 77' lang='lat' dir='ltr'>Ceteros</span> <span class='ocrx_word' id='word_1_218' title='bbox 458 3210 576 3274; x_wconf 87' lang='lat' dir='ltr'>eosque</span> <span class='ocrx_word' id='word_1_219' title='bbox 599 3190 753 3275; x_wconf 91' lang='lat' dir='ltr'>plurimos</span> <span class='ocrx_word' id='word_1_220' title='bbox 781 3210 845 3254; x_wconf 93' lang='lat' dir='ltr'>una</span> <span class='ocrx_word' id='word_1_221' title='bbox 874 3211 945 3255; x_wconf 91' lang='lat' dir='ltr'>cum</span> <span class='ocrx_word' id='word_1_222' title='bbox 968 3190 1166 3272; x_wconf 87' lang='lat' dir='ltr'>argumentis</span> <span class='ocrx_word' id='word_1_223' title='bbox 1197 3198 1231 3256; x_wconf 90' lang='lat' dir='ltr'>et</span> <span class='ocrx_word' id='word_1_224' title='bbox 1252 3193 1347 3258; x_wconf 87' lang='lat' dir='ltr'>rebus</span> 
     </span>
     <span class='ocr_line' id='line_1_28' title="bbox 211 3293 1348 3378; baseline -0.001 -18"><span class='ocrx_word' id='word_1_225' title='bbox 211 3317 252 3361; x_wconf 84' lang='lat' dir='ltr'>ex</span> <span class='ocrx_word' id='word_1_226' title='bbox 271 3295 406 3378; x_wconf 88' lang='lat' dir='ltr'>Vergilii</span> <span class='ocrx_word' id='word_1_227' title='bbox 436 3302 468 3360; x_wconf 90' lang='lat' dir='ltr'>et</span> <span class='ocrx_word' id='word_1_228' title='bbox 494 3295 601 3360; x_wconf 88' lang='lat' dir='ltr'>Ovidii</span> <span class='ocrx_word' id='word_1_229' title='bbox 625 3293 818 3359; x_wconf 87' lang='lat' dir='ltr'>carminibus</span> <span class='ocrx_word' id='word_1_230' title='bbox 841 3293 977 3378; x_wconf 86' lang='lat' dir='ltr'>sumpsit</span> <span class='ocrx_word' id='word_1_231' title='bbox 999 3294 1138 3375; x_wconf 80' lang='lat' dir='ltr'>Statius3</span> <span class='ocrx_word' id='word_1_232' title='bbox 1164 3315 1260 3378; x_wconf 92' lang='lat' dir='ltr'>quem</span> <span class='ocrx_word' id='word_1_233' title='bbox 1277 3316 1348 3360; x_wconf 91' lang='lat' dir='ltr'>cum</span> 
     </span>
     <span class='ocr_line' id='line_1_29' title="bbox 186 3394 1347 3484; baseline 0 -21"><span class='ocrx_word' id='word_1_234' title='bbox 186 3432 189 3436; x_wconf 53' lang='lat'><em>2</em></span> <span class='ocrx_word' id='word_1_235' title='bbox 210 3399 243 3463; x_wconf 89' lang='lat' dir='ltr'>in</span> <span class='ocrx_word' id='word_1_236' title='bbox 265 3400 374 3481; x_wconf 89' lang='lat' dir='ltr'>rebus,</span> <span class='ocrx_word' id='word_1_237' title='bbox 400 3398 593 3476; x_wconf 88' lang='lat' dir='ltr'>hominibus,</span> <span class='ocrx_word' id='word_1_238' title='bbox 614 3398 683 3463; x_wconf 90' lang='lat' dir='ltr'>deis</span> <span class='ocrx_word' id='word_1_239' title='bbox 699 3394 859 3479; x_wconf 87' lang='lat' dir='ltr'>fingendis</span> <span class='ocrx_word' id='word_1_240' title='bbox 875 3404 907 3463; x_wconf 91' lang='lat' dir='ltr'>et</span> <span class='ocrx_word' id='word_1_241' title='bbox 922 3397 1141 3463; x_wconf 87' lang='lat' dir='ltr'>describendis</span> <span class='ocrx_word' id='word_1_242' title='bbox 1157 3399 1347 3484; x_wconf 88' lang='lat' dir='ltr'>saepissime</span> 
     </span>
     <span class='ocr_line' id='line_1_30' title="bbox 210 3502 1347 3586; baseline 0.001 -20"><span class='ocrx_word' id='word_1_243' title='bbox 210 3503 338 3567; x_wconf 91' lang='lat' dir='ltr'>illorum</span> <span class='ocrx_word' id='word_1_244' title='bbox 359 3502 505 3585; x_wconf 85' lang='lat' dir='ltr'>vestigiis</span> <span class='ocrx_word' id='word_1_245' title='bbox 520 3502 677 3567; x_wconf 86' lang='lat' dir='ltr'>institisse</span> <span class='ocrx_word' id='word_1_246' title='bbox 693 3502 877 3584; x_wconf 88' lang='lat' dir='ltr'>viderimus,</span> <span class='ocrx_word' id='word_1_247' title='bbox 902 3502 1057 3586; x_wconf 90' lang='lat' dir='ltr'>plurimos</span> <span class='ocrx_word' id='word_1_248' title='bbox 1079 3521 1192 3568; x_wconf 87' lang='lat' dir='ltr'>versus</span> <span class='ocrx_word' id='word_1_249' title='bbox 1208 3503 1261 3568; x_wconf 88' lang='lat' dir='ltr'>vel</span> <span class='ocrx_word' id='word_1_250' title='bbox 1275 3524 1347 3569; x_wconf 88' lang='lat' dir='ltr'>ver-</span> 
     </span>
     <span class='ocr_line' id='line_1_31' title="bbox 210 3611 1346 3695; baseline 0 -25"><span class='ocrx_word' id='word_1_251' title='bbox 210 3624 303 3670; x_wconf 89' lang='lat' dir='ltr'>suum</span> <span class='ocrx_word' id='word_1_252' title='bbox 325 3612 433 3691; x_wconf 88' lang='lat' dir='ltr'>partes</span> <span class='ocrx_word' id='word_1_253' title='bbox 456 3625 640 3670; x_wconf 91' lang='lat' dir='ltr'>communes</span> <span class='ocrx_word' id='word_1_254' title='bbox 663 3625 735 3671; x_wconf 87' lang='lat' dir='ltr'>esse</span> <span class='ocrx_word' id='word_1_255' title='bbox 758 3612 1005 3695; x_wconf 88' lang='lat' dir='ltr'>consentaneum</span> <span class='ocrx_word' id='word_1_256' title='bbox 1026 3611 1086 3686; x_wconf 89' lang='lat' dir='ltr'>est,</span> <span class='ocrx_word' id='word_1_257' title='bbox 1112 3625 1184 3670; x_wconf 91' lang='lat' dir='ltr'>cum</span> <span class='ocrx_word' id='word_1_258' title='bbox 1199 3625 1346 3690; x_wconf 86' lang='lat' dir='ltr'>praeser-</span> 
     </span>
     <span class='ocr_line' id='line_1_32' title="bbox 209 3709 1346 3794; baseline 0.001 -21"><span class='ocrx_word' id='word_1_259' title='bbox 209 3709 266 3773; x_wconf 90' lang='lat' dir='ltr'>tim</span> <span class='ocrx_word' id='word_1_260' title='bbox 290 3710 394 3774; x_wconf 91' lang='lat' dir='ltr'>minus</span> <span class='ocrx_word' id='word_1_261' title='bbox 417 3716 494 3794; x_wconf 89' lang='lat' dir='ltr'>apta</span> <span class='ocrx_word' id='word_1_262' title='bbox 516 3710 558 3774; x_wconf 89' lang='lat' dir='ltr'>sit</span> <span class='ocrx_word' id='word_1_263' title='bbox 579 3710 621 3774; x_wconf 92' lang='lat' dir='ltr'>ad</span> <span class='ocrx_word' id='word_1_264' title='bbox 644 3709 820 3793; x_wconf 87' lang='lat' dir='ltr'>dactylicos</span> <span class='ocrx_word' id='word_1_265' title='bbox 843 3727 955 3773; x_wconf 87' lang='lat' dir='ltr'>versus</span> <span class='ocrx_word' id='word_1_266' title='bbox 971 3709 1138 3775; x_wconf 86' lang='lat' dir='ltr'>faciendos</span> <span class='ocrx_word' id='word_1_267' title='bbox 1153 3715 1186 3775; x_wconf 91' lang='lat' dir='ltr'>et</span> <span class='ocrx_word' id='word_1_268' title='bbox 1199 3709 1346 3794; x_wconf 86' lang='lat' dir='ltr'>inprimis</span> 
     </span>
     <span class='ocr_line' id='line_1_33' title="bbox 210 3812 1344 3898; baseline 0.001 -21"><span class='ocrx_word' id='word_1_269' title='bbox 210 3814 253 3878; x_wconf 90' lang='lat' dir='ltr'>ad</span> <span class='ocrx_word' id='word_1_270' title='bbox 282 3813 537 3879; x_wconf 84' lang='lat' dir='ltr'>hexametrorum</span> <span class='ocrx_word' id='word_1_271' title='bbox 567 3814 730 3878; x_wconf 87' lang='lat' dir='ltr'>clausulas</span> <span class='ocrx_word' id='word_1_272' title='bbox 760 3820 921 3895; x_wconf 90' lang='lat' dir='ltr'>tamquam</span> <span class='ocrx_word' id='word_1_273' title='bbox 951 3812 1085 3879; x_wconf 87' lang='lat' dir='ltr'>rotundo</span> <span class='ocrx_word' id='word_1_274' title='bbox 1118 3833 1173 3878; x_wconf 91' lang='lat' dir='ltr'>ore</span> <span class='ocrx_word' id='word_1_275' title='bbox 1206 3833 1344 3898; x_wconf 89' lang='lat' dir='ltr'>pronun-</span> 
     </span>
     <span class='ocr_line' id='line_1_34' title="bbox 208 3916 647 4000; baseline -0.009 -18"><span class='ocrx_word' id='word_1_276' title='bbox 208 3916 336 3982; x_wconf 90' lang='lat' dir='ltr'>tiandas</span> <span class='ocrx_word' id='word_1_277' title='bbox 358 3917 470 4000; x_wconf 90' lang='lat' dir='ltr'>lingua</span> <span class='ocrx_word' id='word_1_278' title='bbox 492 3919 647 3982; x_wconf 87' lang='lat' dir='ltr'>Romana.</span> 
     </span>
    </p>
   </div>
   <div class='ocr_carea' id='block_1_8' title="bbox 212 4058 418 4070">
    <p class='ocr_par' dir='ltr' id='par_1_11' title="bbox 212 4058 418 4070">
     <span class='ocr_line' id='line_1_35' title="bbox 212 4058 418 4070; baseline -0.005 -3"><span class='ocrx_word' id='word_1_279' title='bbox 212 4058 418 4070; x_wconf 76' lang='lat'>———</span> 
     </span>
    </p>
   </div>
   <div class='ocr_carea' id='block_1_9' title="bbox 278 4122 758 4335">
    <p class='ocr_par' dir='ltr' id='par_1_12' title="bbox 278 4122 758 4335">
     <span class='ocr_line' id='line_1_36' title="bbox 278 4122 713 4192; baseline -0.007 -14"><span class='ocrx_word' id='word_1_280' title='bbox 278 4125 309 4188; x_wconf 65' lang='grc'>92)</span> <span class='ocrx_word' id='word_1_281' title='bbox 332 4122 366 4178; x_wconf 89' lang='lat' dir='ltr'>cf.</span> <span class='ocrx_word' id='word_1_282' title='bbox 387 4122 487 4177; x_wconf 87' lang='lat' dir='ltr'>Luehr.</span> <span class='ocrx_word' id='word_1_283' title='bbox 509 4125 527 4176; x_wconf 86' lang='lat' dir='ltr'>l.</span> <span class='ocrx_word' id='word_1_284' title='bbox 549 4125 567 4176; x_wconf 96' lang='lat' dir='ltr'>l.</span> <span class='ocrx_word' id='word_1_285' title='bbox 588 4140 651 4192; x_wconf 86' lang='lat' dir='ltr'>pag.</span> <span class='ocrx_word' id='word_1_286' title='bbox 672 4125 713 4175; x_wconf 82' lang='lat'>31.</span> 
     </span>
     <span class='ocr_line' id='line_1_37' title="bbox 278 4191 713 4317; baseline -0.007 -70"><span class='ocrx_word' id='word_1_287' title='bbox 278 4194 308 4259; x_wconf 79' lang='lat'>⁹³)</span> <span class='ocrx_word' id='word_1_288' title='bbox 331 4191 367 4248; x_wconf 86' lang='lat' dir='ltr'>cf.</span> <span class='ocrx_word' id='word_1_289' title='bbox 387 4192 488 4275; x_wconf 77' lang='lat' dir='ltr'>Luehr.</span> <span class='ocrx_word' id='word_1_290' title='bbox 509 4194 528 4274; x_wconf 74' lang='lat' dir='ltr'>l;</span> <span class='ocrx_word' id='word_1_291' title='bbox 548 4194 565 4245; x_wconf 95' lang='lat' dir='ltr'>l.</span> <span class='ocrx_word' id='word_1_292' title='bbox 582 4208 650 4317; x_wconf 70' lang='lat' dir='ltr'>pag.</span> <span class='ocrx_word' id='word_1_293' title='bbox 671 4195 713 4244; x_wconf 85' lang='grc'>46.</span> 
     </span>
     <span class='ocr_line' id='line_1_38' title="bbox 279 4261 758 4335; baseline -0.01 -16"><span class='ocrx_word' id='word_1_294' title='bbox 279 4265 309 4335; x_wconf 69' lang='lat'>⁹⁴)</span> <span class='ocrx_word' id='word_1_295' title='bbox 330 4261 367 4323; x_wconf 85' lang='lat' dir='ltr'>cf.</span> <span class='ocrx_word' id='word_1_296' title='bbox 388 4261 468 4321; x_wconf 85' lang='lat' dir='ltr'>Ovrd.</span> <span class='ocrx_word' id='word_1_297' title='bbox 489 4267 562 4322; x_wconf 73' lang='lat' dir='ltr'>trist.</span> <span class='ocrx_word' id='word_1_298' title='bbox 597 4263 632 4327; x_wconf 89' lang='lat' dir='ltr'>V,</span> <span class='ocrx_word' id='word_1_299' title='bbox 656 4264 696 4331; x_wconf 86' lang='lat' dir='ltr'>lo,</span> <span class='ocrx_word' id='word_1_300' title='bbox 717 4265 758 4318; x_wconf 79' lang='lat'>25.</span> 
     </span>
    </p>
   </div>
   <div class='ocr_carea' id='block_1_10' title="bbox 0 0 1404 4830">
    <p class='ocr_par' dir='ltr' id='par_1_13' title="bbox 0 0 1404 4830">
     <span class='ocr_line' id='line_1_39' title="bbox 0 0 1404 4830; baseline 0 1"><span class='ocrx_word' id='word_1_301' title='bbox 0 0 1404 4830; x_wconf 95' lang='lat' dir='ltr'> </span> 
     </span>
    </p>
   </div>
  </div>
 </body>
</html>
