2798 4830
218 312 258 372 72
655 345 698 354 -
745 309 829 390 [roa]
876 343 920 352 -

303 497 404 564 Theb.
423 497 494 579 VII,
524 500 708 560 155-190:
736 497 817 562 Aen.
844 496 886 578 X,
912 499 1050 558 'Ill-60.
1084 513 1197 577 preces
1220 492 1349 556 Veneris

218 610 251 666 et
272 600 392 665 Bacchi
414 600 481 666 fere
504 600 637 665 eaedem
660 608 749 675 sunt3
786 600 839 664 hic
861 606 896 664 ut
917 599 1065 680 Thebas,
1098 599 1156 662 illa
1185 603 1221 662 ut
1249 603 1350 660 castra

219 703 427 769 Troianorum
451 711 566 783 servet,
593 704 701 769 Iovem
723 704 879 769 obsecrat.

305 807 408 872 Theb.
424 807 496 889 VII,
516 810 597 871 737:
630 807 780 887 AenIX,
804 810 877 872 745.
914 807 1029 890 Apollo
1052 811 1085 870 et
1105 806 1196 885 Iuno,
1223 824 1264 868 ne
1286 803 1351 867 vol-

218 930 296 975 nera
317 910 466 990 inferant,
492 912 559 975 tela
580 910 645 992 (ille
660 911 785 996 Hypsei
805 911 840 975 in
858 911 983 976 Hersen
999 909 1153 993 aurigam,
1174 908 1256 973 haec
1271 909 1352 972 Pan-

216 1014 286 1079 dari
307 1015 340 1079 in
363 1014 497 1098 portam)
525 1013 725 1096 detorquent.

302 1118 405 1183 Theb.
425 1118 482 1198 IX,
504 1121 668 1181 710—30:
695 1117 775 1182 Aen.
799 1118 873 1199 XII,
903 1120 1060 1183 130-50.
1102 1115 1245 1195 Dianae,
1271 1135 1351 1197 quae

216 1221 456 1305 Parthenopaeo
485 1221 641 1286 auxilium
678 1220 756 1303 fert,
799 1220 972 1305 respondet
1000 1220 1080 1284 Iuno
1117 1220 1260 1283 Tamum
1294 1219 1351 1283 ad-

214 1346 406 1494 luvalIisheb
431 1429 525 1513 VIII,
553 1432 633 1494 687:
665 1429 746 1493 Aen.
773 1428 820 1509 X,
847 1430 922 1491 435.
968 1426 1108 1510 Erinnys
1138 1432 1170 1490 et
1197 1425 1348 1509 luppiter,

219 1538 254 1596 ut
276 1531 392 1615 omnia,
419 1531 576 1615 quomodo
599 1532 665 1597 fato
688 1530 849 1597 destinata
878 1536 961 1612 sunt,
994 1530 1082 1610 fiant,
1109 1529 1288 1613 prohibent,
1315 1549 1352 1592 ne

216 1636 364 1701 Eteocles
386 1637 541 1720 aTydeo,
568 1636 679 1700 Pallas
700 1657 721 1699 a
743 1637 848 1700 Lauso
871 1632 1041 1714 occidatur,
1068 1655 1143 1698 narn
1165 1633 1258 1697 illum
1281 1653 1350 1696 cum

215 1738 330 1817 fratre,
369 1739 454 1803 hunc
483 1759 555 1804 cum
583 1741 689 1804 Turno
718 1744 915 1823 pugnantem
945 1757 1094 1802 casurum
1128 1757 1201 1802 esse
1234 1737 1268 1800 in
1302 1736 1350 1800 fa-

213 1842 255 1907 tis
278 1848 383 1907 erat.¹

299 1945 401 2011 Theb.
427 1947 515 2025 VIII,
543 1950 622 2010 345:
649 1946 730 2011 Aen.
749 1947 819 2028 VH,
847 1950 1006 2010 325-40.
1047 1945 1150 2010 furiae
1172 1945 1348 2026 mittuntur,

215 2057 249 2115 ut
270 2049 416 2114 ardorem
439 2069 568 2134 pugnae
590 2049 775 2114 accendant.

303 2153 450 2236 Denique
471 2152 506 2217 id
521 2160 621 2235 agunt
634 2152 757 2219 Statius
781 2159 813 2218 et
826 2153 999 2236 Vergilius,
1019 2159 1054 2217 ut
1070 2172 1221 2236 magnam
1237 2173 1303 2216 rem
1319 2159 1351 2217 et

214 2257 379 2322 difficilem
407 2255 524 2322 dicturi
553 2256 700 2340 precibus
725 2257 835 2322 Musas
865 2256 1000 2338 adeant,
1038 2277 1121 2339 quae
1153 2256 1215 2321 sibi
1245 2256 1350 2321 adsint

215 2361 317 2426 Theb.
335 2361 390 2442 lv,
412 2362 463 2422 35.
500 2360 570 2443 vn,
598 2363 671 2423 cas.
719 2361 760 2441 x,
788 2364 865 2424 cao:
900 2360 981 2425 Aen.
1000 2362 1041 2441 x,
1072 2363 1140 2423 ros.
1181 2361 1244 2442 lx,
1272 2364 1345 2422 aas.

218 2465 289 2540 VII,
317 2468 389 2545 641,
409 2484 492 2547 quac
513 2483 626 2548 preces
647 2484 710 2529 non
732 2465 866 2529 multum
894 2464 977 2529 inter
1006 2483 1042 2529 sc
1072 2463 1232 2528 differunt.
1281 2462 1350 2539 Qua

214 2568 248 2631 in
270 2588 305 2632 re
328 2575 478 2632 secuntur
499 2588 618 2632 morem
640 2567 716 2632 inde
739 2569 779 2632 ab
802 2567 976 2632 Andronici
999 2574 1141 2651 ternpore
1170 2567 1205 2630 in
1227 2567 1347 2650 ¹poesin

216 2672 392 2735 Romanam
414 2669 626 2736 introductum
650 2679 682 2737 et
703 2692 723 2736 a
745 2671 907 2756 plerisque
929 2671 1034 2754 poetIs
1056 2678 1229 2754 receptum.

678 2899 880 2906 ---———-

678 3123 769 3218 Cap.
799 3125 848 3193 II.

296 3307 313 3388 p
339 3311 367 3369 1.
416 3307 613 3390 Singulos
636 3307 731 3373 deos
760 3309 806 3373 ita
828 3328 1016 3393 persequar,
1054 3317 1105 3389 ut,
1136 3328 1217 3391 quas
1239 3318 1347 3393 partes

208 3417 322 3490 agant,
361 3429 443 3491 quae
473 3411 602 3475 nomina
630 3418 662 3476 et
690 3412 842 3478 attributa
871 3413 1011 3477 habeant
1039 3413 1125 3477 idem
1153 3413 1197 3477 dii
1235 3414 1268 3476 in
1297 3413 1346 3476 his

208 3511 403 3576 carminibus
433 3514 629 3594 communia,
664 3523 813 3581 accurate
843 3517 1011 3601 explicem.
1058 3517 1183 3582 initium
1212 3515 1298 3581 facio
1326 3538 1346 3580 a

208 3614 270 3678 diis
293 3616 520 3699 superioribus,
545 3617 581 3682 in
603 3618 653 3684 his
676 3619 779 3703 primo
802 3641 822 3684 a
843 3621 930 3685 Iove.

699 3756 857 3826 Iuppiterz

293 3856 403 3922 iurat
424 3878 494 3941 per
517 3859 700 3942 Stygem:

241 3976 395 4032 horrendos
408 3979 510 4032 etenim
527 3981 635 4045 latices,
655 3979 725 4050 Sty
736 4010 750 4019 -
837 3982 948 4035 dixerat
959 3983 1044 4051 idque
1056 3990 1147 4037 ratum
1157 3985 1278 4053 Stygii
1297 4000 1347 4053 per

205 4064 264 4131 gia
298 4079 419 4133 aequora
456 4063 583 4118 fratris
612 4067 747 4131 obtestor,
803 4067 916 4121 flumina
935 4067 1076 4130 fratris,
1096 4070 1345 4139 perpicctorreu·

205 4165 364 4203 mansurum
388 4157 417 4204 et
436 4168 491 4210 non
510 4153 669 4211 revocabile
688 4170 750 4208 ver·
803 4154 840 4207 tis
860 4159 976 4224 atraque
995 4157 1128 4223 voragiue
1150 4155 1226 4223 ripas
1245 4157 1344 4214 adnuit

206 4235 272 4290 hum
290 4235 312 4301 I,
334 4237 392 4290 290.
802 4239 852 4305 IX,
871 4242 927 4293 llll.
957 4240 993 4295 cf.
1009 4242 1046 4307 X,
1070 4243 1127 4293 113.
