2798 4830
512 365 554 374 -
603 330 686 411 [143]
733 365 776 375 -
991 353 996 366 ¹
1167 321 1209 390 53

115 516 210 570 densis
234 518 288 571 iarn
312 516 436 570 consitus
454 517 544 571 hastis
562 516 619 571 fer-

79 608 172 657 ratum
191 602 282 672 quatit
299 602 383 658 umbo
403 618 522 657 nemus
540 601 619 667 VIII,

80 691 139 741 705.

114 775 202 843 quid
219 773 338 830 haeres?
356 774 527 841 imuslIX,
544 776 601 831 166.

115 963 252 1021 sternit
274 964 343 1018 Iona
365 963 505 1029 Chromis,
533 963 620 1018 Chro-

80 1051 138 1106 min
167 1049 323 1121 Antiphos,
354 1048 499 1118 Antiphon
527 1048 620 1119 Hyp-

80 1152 181 1200 seus,
211 1136 376 1208 Hypseus
398 1133 546 1205 Astyagen
568 1133 619 1198 IX,

82 1222 142 1277 252.

117 1311 285 1380 telumque
302 1308 421 1363 immane
433 1307 538 1362 lacerto
556 1305 621 1360 hor-

82 1401 159 1451 tatur
181 1395 339 1451 librans:
371 1393 472 1449 »ades
499 1409 516 1447 ο
542 1392 619 1458 mihi,

81 1484 245 1543 dextera,
260 1484 368 1535 tantum
381 1484 555 1552 tupracsens
564 1477 623 1533 bel-

82 1569 117 1623 lis
136 1573 165 1622 et
181 1565 344 1622 inevitabile
357 1581 494 1632 numen,
511 1570 541 1620 te
552 1580 622 1619 voco

83 1655 135 1721 lx,
157 1656 216 1707 547.

117 1759 141 1812 it
162 1756 344 1812 tremebunda
367 1754 446 1811 abies
471 1753 623 1822 clipeum

82 1859 133 1916 per
156 1849 186 1899 et
209 1858 314 1899 aerea
340 1845 443 1911 terga
469 1840 621 1902 loricae,

83 1931 251 1998 tandemque
269 1927 388 1982 antmam
405 1927 459 1982 sub
477 1931 623 1996 pectore

83 2032 185 2087 magno
202 2013 349 2084 deprendit
365 2013 417 2080 IX,
437 2010 496 2066 552.

120 2296 151 2348 at
167 2306 282 2362 pugna
300 2289 404 2360 ereptis
416 2287 526 2342 maior
543 2303 624 2343 cru-

85 2378 205 2434 descit
221 2377 359 2446 utrimque
377 2374 491 2442 regibus
504 2374 622 2437 lacre.

118 2464 254 2532 praebent
266 2462 521 2530 obnixipectora
534 2458 625 2515 ferro

86 2549 137 2614 IX,
158 2552 218 2602 674.

121 2651 205 2692 ecce
228 2639 306 2690 secat
327 2631 465 2705 zephyros
485 2632 626 2699 ingentem
668 2659 670 2664 ·

86 2721 212 2776 fraxinus
229 2721 299 2774 iram
311 2717 506 2787 fortunamque
519 2716 623 2772 ferens:

87 2809 156 2864 teli
179 2823 246 2862 non
269 2805 402 2860 eminet
423 2809 550 2858 auctor

88 2911 151 2951 nec
168 2891 295 2966 prodidit
312 2892 374 2963 ipse
391 2889 470 2953 VIII,
490 2891 549 2941 717.

122 3101 179 3141 non
190 3082 279 3138 forma
288 3085 413 3147 Lamum,
427 3097 492 3136 nou
509 3077 627 3134 iufula

89 3172 239 3244 Lygdum.
257 3210 284 3223 ..
305 3170 477 3223 texerunt
494 3164 544 3229 IX,
566 3168 625 3220 764.

123 3363 212 3416 hunc
241 3360 316 3415 sine
346 3373 394 3413 me
419 3397 425 3411 .
445 3397 451 3410 .
472 3398 477 3409 .
504 3362 627 3410 sternere

89 3449 164 3503 humi
181 3447 233 3509 IX,
254 3447 313 3500 815.

122 3566 262 3620 nunquam
286 3563 367 3602 cassa
384 3561 494 3607 manus,
521 3545 627 3598 nullum

89 3638 150 3694 sine
166 3637 281 3690 vulnere
299 3633 371 3700 fugit
383 3633 488 3688 missile
500 3633 551 3696 IX,
566 3634 625 3684 777).

123 3809 258 3864 hactenus
293 3806 416 3877 Ogygias
455 3802 550 3859 satis
585 3801 628 3854 in-

91 3894 227 3950 festasse
245 3898 382 3957 catervas,
406 3890 627 3958 Parthenopaec,

91 3982 160 4035 satis
178 3981 228 4045 IX,
249 3981 308 4034 812.

126 4068 253 4129 labimur,
272 4066 292 4131 i,
312 4064 490 4125 miseram,
508 4061 627 4123 Dorceu,

91 4154 209 4212 solare
227 4155 405 4227 parentem
424 4148 475 4214 IX,
497 4148 554 4202 885.

707 523 749 572 ter
762 533 856 574 secum
868 517 969 573 Troius
981 517 1063 573 heros
1075 516 1210 572 inmanem

672 609 768 658 aerato
781 601 942 658 circumfert
953 604 1074 672 tegmine
1086 604 1210 659 silvam

672 690 708 754 X,
730 691 789 742 887.

707 776 795 831 imus
818 776 847 831 in
871 777 1017 833 adversos:
1043 774 1127 844 quid
1151 790 1211 829 ces-

672 867 737 917 9997
755 863 806 928 XI,
827 865 886 915 389.

701 964 847 1037 Ortygium
855 967 989 1031 Caeneus,
999 964 1132 1019 victorem
1142 963 1211 1018 an-

672 1068 725 1108 999
743 1051 896 1115 Turnus,
915 1050 1050 1106 Turnus
1067 1050 1133 1120 Ityn
1148 1049 1212 1104 Olo-

672 1138 804 1208 nIumque
823 1141 871 1203 (sc.
892 1137 1035 1203 sternit)
1056 1135 1105 1198 IX,
1127 1137 1187 1190 573.

707 1325 790 1381 quam
811 1309 963 1384 (hastam)
984 1310 1083 1364 dextra
1105 1307 1212 1377 ingenti

674 1396 812 1451 librans
829 1395 870 1450 ita
887 1395 923 1449 ad
941 1396 1054 1450 aethera
1072 1393 1147 1448 fatur
1160 1393 1210 1455 XI,

675 1480 1210 1545 5569997999ιίὴὶ(199997791999,

674 1569 749 1641 quod
764 1567 869 1622 missile
881 1566 991 1630 libro,
1005 1582 1078 1621 nunc
1090 1565 1214 1621 adsint

674 1655 710 1721 X,
733 1656 790 1709 773.

708 1762 738 1813 at
756 1758 925 1827 clipeum,
949 1761 993 1811 tot
1010 1754 1077 1810 ferri
1095 1760 1210 1824 terga,

675 1847 728 1899 tot
754 1844 862 1906 aeris,
895 1858 976 1912 quem
1001 1841 1084 1912 pellis
1110 1840 1214 1895 totiens

674 1930 759 1986 obeat
782 1928 952 1984 circumdata
976 1927 1062 1993 tauri,
1092 1925 1214 1981 vibranti

675 2015 768 2084 cuspis
786 2015 907 2070 medium
929 2013 1139 2069 transverberat
1157 2012 1216 2066 ictu

674 2101 873 2172 loricaeque
902 2116 993 2155 moras
1024 2106 1053 2154 et
1087 2102 1213 2170 pectus

674 2187 799 2258 perforat
815 2188 915 2256 ingens
932 2186 968 2251 X,
988 2188 1048 2242 482.

711 2309 792 2363 quam
829 2291 939 2359 magis
969 2291 1058 2346 effuso
1088 2287 1215 2343 cande-

677 2373 1213 2449 scuntsanguinepugnaeVlI,788.

711 2465 793 2521 dedit
801 2465 885 2520 obvia
897 2463 988 2520 ferro
1001 2466 1140 2531 pectora
1149 2459 1215 2523 XII,

678 2553 737 2606 540.

712 2653 796 2693 ecce
813 2637 874 2693 viro
893 2635 1014 2690 stridens
1027 2632 1081 2686 alis
1099 2630 1216 2698 adlapsa

678 2725 782 2794 sagitta
794 2728 839 2779 est
855 2724 1025 2777 incertum
1040 2733 1103 2788 qua
1114 2717 1217 2786 pulsa

678 2827 794 2875 manu,
824 2825 879 2879 quo
908 2805 1018 2862 turbine
1042 2804 1215 2865 adacta...

678 2914 741 2954 nec
760 2912 821 2953 sese
834 2893 951 2951 Aeneae
970 2892 1087 2948 iactavit
1103 2888 1218 2944 volnere

679 2986 825 3058 quisquam
844 2983 908 3046 XII,
929 2983 988 3033 319.
1183 3043 1185 3048 Ι

712 3105 764 3144 nec
781 3092 808 3142 te
828 3091 877 3163 tua
894 3083 1020 3155 plurima,
1035 3076 1159 3145 Panthu,
1178 3077 1218 3133 la,-

679 3176 789 3230 bentem
813 3173 905 3242 pietas
925 3185 976 3225 nec
996 3164 1137 3236 Apollinis
1161 3163 1217 3216 in-

679 3259 755 3315 fula
773 3257 869 3313 texit
886 3256 923 3322 II,
944 3255 1003 3307 429.

713 3363 801 3418 huno
820 3362 900 3417 sine
917 3373 965 3412 me
981 3356 1093 3412 turbare
1105 3353 1219 3423 globum
1233 3329 1235 3332 Ι

644 3489 647 3493 «
678 3450 728 3513 ΙΧ,
749 3452 808 3503 499.

714 3556 835 3623 quotque
859 3549 959 3603 emIssa
979 3562 1062 3600 manu
1080 3541 1219 3599 contorsit
1322 3547 1326 3557 “

679 3638 787 3707 spicula
799 3638 890 3703 virgo,
909 3639 952 3689 tot
964 3632 1078 3703 Phrygii
1091 3629 1218 3684 cecidere

680 3726 733 3785 viri
752 3725 803 3786 Xl,
823 3724 882 3776 676.

716 3811 752 3865 sit
770 3809 876 3869 satis,
891 3806 1010 3868 Aenide,
1031 3804 1094 3858 telis
1108 3802 1219 3870 impune

679 3899 835 3954 Numanum
848 3893 952 3963 oppetii
962 3907 1017 3945 999
1028 3891 1083 3943 tuis
1097 3889 1146 3951 IX,
1157 3891 1216 3940 (759.

716 4076 746 4125 97
770 4077 816 4132 79,
845 4083 908 4130 oro,
937 4066 1056 4119 solare
1083 4064 1222 4129 inopem

685 4160 883 4225 (parentem)
906 4158 934 4207 et
958 4165 1086 4206 succurre
1098 4147 1310 4546 ιοΙιᾸ

682 4244 732 4306 ΙΧ,
754 4244 812 4295 299.
