2798 4830
561 147 605 157 -
648 112 732 193 [181]
778 147 819 158 -
1221 113 1260 174 91

127 298 230 363 nimia
241 305 306 381 est,
334 319 408 364 nam
431 307 463 366 et
478 300 532 364 ubi
549 300 696 383 exempla
719 305 848 365 secutus
870 305 929 380 est,
956 319 1055 384 saepe
1077 300 1119 365 ab
1141 300 1183 366 iis
1205 299 1265 366 de-

127 400 219 467 flexit
241 407 274 467 et
295 403 502 487 praeter-has
520 403 645 469 multaex
667 408 741 467 sunt
761 403 794 467 in
810 401 976 468 Thebaide
998 403 1261 487 comparationes,

126 526 210 590 quas
234 526 275 571 ex
298 526 355 571 suo
375 506 504 592 ingenio
518 506 627 573 hausit
642 506 764 574 Statius
783 512 814 572 et
836 505 1000 592 eleganter
1021 505 1165 592 depinxit
1175 505 1226 590 56).

585 1081 686 1161 LIB.
711 1079 801 1163 Vll.

343 1291 403 1382 llll
429 1289 573 1383 uritis
601 1287 788 1381 llldlllllll
814 1289 1048 1382 loturus,

622 1479 775 1488 .----

216 1613 268 1677 Ex
304 1632 366 1696 quo
394 1612 524 1678 Homeri
561 1611 704 1678 carmina
732 1610 834 1677 omnis
860 1611 968 1696 poesis
1001 1611 1160 1697 principia
1193 1618 1268 1678 sunt

134 1716 295 1799 dignaque
324 1722 451 1800 putata,
491 1736 574 1798 quae
608 1722 722 1800 poetae
753 1735 875 1781 summo
913 1716 1018 1781 studio
1054 1716 1265 1799 imitarentur,

134 1821 243 1902 multa,
269 1820 407 1902 quaein
429 1819 469 1885 iis
491 1821 650 1902 leguntur,
682 1820 715 1883 in
737 1820 846 1901 legum
868 1817 996 1884 modum
1020 1820 1270 1886 observaverunt

135 1923 227 2008 epici.
258 1923 341 1988 inter
361 1923 442 1988 haee
464 1922 653 1989 referendae
676 1929 759 2005 sunt,
786 1940 866 2004 quas
882 1921 965 2005 dico,
991 1922 1185 1988 formulae
1207 1921 1269 1988 di-

135 2026 252 2092 cendi
276 2026 429 2110 epicae.
478 2032 551 2091 sunt
578 2025 663 2092 enim
693 2027 802 2110 plures
824 2024 976 2110 phrases,
1009 2026 1124 2108 quibus
1147 2026 1269 2110 primus

135 2130 365 2211 Romanorum,
397 2135 433 2194 ut
454 2129 594 2208 videtur,
628 2129 790 2212 Vergilius
812 2129 943 2193 Homeri
965 2129 1034 2194 sine
1058 2128 1154 2195 dubio
1178 2148 1270 2195 secu-

135 2238 185 2298 tus
217 2233 400 2317 exemplum
428 2232 463 2297 in
485 2232 630 2299 Aeneide
659 2251 737 2297 usus
767 2238 830 2312 est,
867 2252 986 2314 easque
1008 2232 1041 2298 in
1063 2239 1183 2297 certam
1206 2232 1271 2298 ior-

139 2357 221 2402 mam
251 2336 417 2417 redaetas‚
451 2335 627 2402 identidem
653 2335 806 2419 repetitas
827 2336 974 2401 adhibuit
996 2334 1039 2400 ad
1060 2336 1273 2420 significanda

139 2460 186 2523 ea,
216 2459 300 2523 quae
324 2439 455 2523 saepius
476 2439 510 2504 in
531 2439 626 2504 rebus
649 2439 818 2504 narrandis
840 2438 930 2504 fiunt.
969 2459 1051 2521 quae
1074 2459 1145 2503 cum
1169 2445 1272 2505 statae

138 2543 198 2608 sint
221 2548 254 2608 et
283 2543 453 2608 cohaerere
482 2542 652 2607 videantur
680 2562 751 2606 cum
779 2541 830 2607 his
864 2541 1070 2624 carminibus,
1108 2542 1271 2626 graviores

138 2666 192 2711 eas
215 2664 287 2712 esse
310 2651 399 2711 ratus
421 2666 515 2728 quam
538 2651 661 2710 ceteras
682 2645 827 2729 phrases,
855 2664 997 2710 seorsum
1020 2646 1173 2711 tractabo.

220 2749 326 2831 Atque
348 2749 382 2814 in
404 2748 454 2814 his
477 2747 633 2831 io1mulis,
659 2768 743 2830 quae
765 2768 829 2813 non
850 2754 916 2813 tam
932 2738 1161 2815 addictionem
1177 2770 1272 2833 quam

135 2853 176 2918 ad
198 2859 300 2919 artem
324 2852 473 2918 carminis
496 2851 707 2937 componendi
728 2853 832 2935 ipsam
849 2853 1021 2937 pertinent,
1044 2873 1115 2918 eum
1130 2854 1211 2919 mira
1234 2853 1275 2918 sit

136 2963 300 3041 poetarum
317 2955 534 3039 congruentia,
559 2955 705 3021 Aeneida
732 2955 886 3021 imitando
915 2956 1114 3039 expressisse
1137 2956 1273 3022 Statium

138 3059 350 3126 certissimum
373 3065 432 3124 est.
457 3078 531 3123 nam
561 3058 621 3123 etsi
644 3065 718 3124 sunt
740 3059 877 3140 Vergilii
899 3059 1070 3141 formulae,
1096 3078 1177 3139 quas
1199 3066 1274 3124 ante

138 3163 275 3229 Statium
297 3167 413 3247 poetae
436 3161 498 3227 sibi
522 3166 742 3244 sumpserunt,
776 3168 885 3226 tamen
907 3160 1116 3226 imitationem
1138 3161 1274 3244 Vergilii

134 3266 235 3351 ipsius
258 3264 366 3330 omnia
389 3264 513 3329 docent.
560 3263 719 3328 interdum
748 3263 794 3346 fit,
827 3270 862 3328 ut
884 3263 1043 3329 Ovidiana
1067 3282 1193 3345 quoque
1217 3263 1273 3329 de-

134 3366 386 3454 prehendamus.

219 3470 347 3538 Accede
376 3471 419 3536 ad
454 3470 607 3536 formulas
644 3469 897 3548 enumerandas;
935 3470 1072 3553 primum
1095 3471 1157 3536 huc
1177 3491 1269 3554 spec-

137 3583 206 3644 tant
222 3594 292 3657 eae,
319 3574 433 3656 quibus
456 3574 669 3639 orationes
691 3573 944 3657 incipiuntur
966 3579 998 3638 et
1020 3574 1249 3638 finiuntur:

205 3710 325 3750 vocem
344 3694 384 3748 de
402 3698 547 3761 pectore
560 3693 748 3764 rumpitVI,
765 3696 826 3745 136:
843 3695 999 3763 rumpitque
1011 3693 1081 3748 hanc
1094 3710 1119 3762 p.
1136 3710 1232 3747 vocem
1246 3710 1270 3746 a.

139 3782 190 3848 ΙΙΙ,
210 3783 270 3834 246.
309 3781 466 3848 rumpitque
485 3779 535 3833 has
554 3779 608 3833 imo
624 3797 651 3848 p.
666 3795 750 3835 voces
763 3796 787 3833 a.
803 3779 852 3845 XI,
869 3782 926 3831 377.
946 3778 1104 3847 {tandem
1123 3781 1201 3849 ipsc
1220 3796 1275 3834 re-

207 4040 238 4100 ⁵⁶1
259 4037 294 4100 cf·
315 4037 346 4098 G·
368 4036 491 4096 Krausc:
513 4037 547 4096 dc
566 4036 647 4096 Statii
666 4038 933 4113 comparationibus,
955 4039 1033 4092 llalis
1056 4041 1126 4089 leil.
